1929 3277
995 141 1049 179 94

436 272 578 313 lectus)
625 273 930 308 communicatus
978 278 1050 308 est.
1116 274 1170 308 Ab
1216 274 1262 308 E.
1308 276 1451 309 hirsuto
1499 273 1627 307 differt
1673 271 1780 307 foliis

437 349 663 398 linearibus,
709 350 818 384 valde
858 351 1114 397 tomentosis,
1169 349 1336 395 spinulis
1390 351 1571 395 calycinis
1626 350 1779 385 discum,

436 426 678 471 aequantibus
712 438 803 461 eove
837 427 1093 476 longioribus,
1127 427 1234 472 apice
1269 427 1522 463 subhamalis.

792 560 830 595 4.
893 561 1242 606 Corispermeoe.

269 657 372 691 lnter
403 658 554 702 plantas
589 658 813 703 hispanicas
833 659 1267 706 herbariiAgardhiani,
1302 670 1399 704 quas
1432 659 1670 704 perlustrare
1702 658 1779 693 cel..

378 736 412 771 J.
452 735 496 769 G.
530 736 684 779 Agardh
718 736 809 771 mihi
843 737 1027 772 benevole
1061 736 1250 782 permisit,
1284 737 1396 771 adest
1427 736 1632 770 frustulum
1665 737 1782 771 Cori-

377 816 509 858 spermi
539 814 757 859 cujusdam,
803 825 823 848 a
855 815 955 849 beat.
992 814 1157 848 Cabrera
1199 814 1288 848 olim
1331 814 1493 848 missum
1527 814 1629 856 (loco
1663 812 1778 847 natali

380 901 447 935 pro
481 902 587 925 more
621 902 696 925 non
730 891 937 939 indicato),
972 901 1045 926 tam
1079 891 1359 939 imperfectum,
1392 895 1433 925 ut
1464 890 1521 925 vix
1555 890 1625 925 rite
1644 890 1781 924 deter-

379 967 512 1002 minari
545 969 684 1014 possit.
746 970 901 1004 Accedit
933 969 978 1003 ad
1015 970 1053 1005 C.
1088 974 1187 1005 tenue
1220 969 1285 1004 Lk.
1320 968 1425 1014 spica
1458 967 1630 1002 laxiflora
1661 967 1776 1002 valde

378 1044 593 1090 interrupta
625 1046 806 1092 foliisque
850 1047 1050 1082 floralibus
1090 1047 1252 1082 caulinis
1293 1046 1500 1094 similibus,
1549 1046 1618 1081 sed
1652 1045 1778 1080 differt

377 1123 423 1157 ab
457 1123 529 1157 hoc
562 1123 682 1157 fructu
716 1124 1062 1173 ovali-orbiculari,
1112 1125 1184 1159 late
1217 1124 1334 1171 alato7
1382 1123 1490 1168 apice
1523 1123 1782 1170 emarginato,

380 1211 493 1234 nervo
535 1200 711 1235 foliorum
752 1202 890 1236 subtus
934 1201 1192 1249 prominente7
1243 1207 1279 1236 et
1318 1201 1445 1246 potius
1486 1202 1614 1236 forsan
1656 1201 1703 1236 ad
1738 1202 1776 1237 C.

378 1277 616 1314 Marschallii
634 1280 734 1313 Stev.
754 1280 810 1313 vel
845 1281 891 1313 ad
914 1281 951 1315 C.
971 1283 1219 1324 maminotum
1238 1279 1342 1325 CaV.7
1378 1279 1490 1313 nobis
1523 1278 1778 1324 incognitum,

378 1356 621 1391 referendum
647 1362 720 1392 est.
782 1357 948 1392 Ulterior
980 1356 1222 1401 investigatio
1254 1357 1519 1392 botanicorum
1552 1355 1782 1401 hispanico-

378 1444 460 1467 rum
482 1434 648 1481 docebit,
682 1445 728 1469 an
765 1439 802 1469 et
833 1446 1008 1481 quaenam
1043 1435 1196 1480 species
1233 1435 1346 1480 hujus
1379 1434 1533 1479 generis
1565 1434 1601 1468 in
1621 1433 1778 1469 Boetica

379 1511 592 1555 proveniat.

804 1645 842 1681 5.
905 1647 1232 1681 Salicornieae.

266 1743 478 1779 Salicornia
509 1746 683 1780 herbacea
716 1745 754 1779 L.
789 1745 924 1791 (Hisp.
959 1747 1099 1787 Pollo).

378 1822 433 1855 Ad
469 1823 592 1857 littora
628 1822 772 1858 Oceani
814 1834 883 1869 per
923 1824 1166 1859 Cantabriam
1207 1826 1494 1869 (Portugalete,
1543 1825 1780 1868 Santander)

434 1904 470 1934 et
503 1899 710 1936 Galleciam
744 1902 930 1950 (Corufia,
967 1903 1245 1947 Pontevedra);
1279 1904 1314 1938 in
1349 1903 1484 1938 salinis
1517 1905 1563 1938 ad
1591 1903 1776 1939 Murciam

433 1978 589 2014 urlneml

265 2056 303 2090 S.
334 2057 518 2100 fruticosa
539 2057 577 2093 L.
611 2058 938 2098 (Arthrocnemon
960 2058 1184 2093 fruticosum
1203 2060 1327 2107 Moq.⁷
1362 2061 1450 2104 Lge.
1471 2071 1554 2095 exs.
1575 2060 1642 2094 ΝΡ.
1664 2059 1781 2105 170).

377 2133 510 2178 (Hisp.
545 2135 693 2180 Almajo
727 2136 878 2182 salado7
917 2137 1014 2170 Sosa
1048 2137 1300 2180 alacranera).

376 2212 416 2245 In
452 2212 586 2247 salinis
608 2213 807 2258 Hispaniae
841 2214 1132 2248 mediterranea}
1164 2215 1372 2260 frequens!

263 2315 283 2335 „
315 2290 356 2337 β,
390 2293 568 2326 radicans
601 2292 657 2331 (S.
692 2291 871 2326 radicans
907 2293 1006 2335 Sm.)

377 2367 433 2401 Ad
469 2367 573 2403 littus
608 2368 752 2403 Oceani
785 2380 845 2414 pr.
880 2369 1007 2404 Cobas
1042 2370 1240 2405 Galleciael

265 2447 302 2478 S.
333 2448 614 2490 macroslachya
645 2447 779 2481 Moric.
829 2446 963 2489 (Gren.
999 2454 1035 2482 et
1068 2447 1187 2482 Godr.
1221 2449 1256 2485 ss.
1294 2450 1348 2486 Fr.
1382 2449 1451 2497 HI,
1497 2449 1564 2498 29,
1613 2449 1779 2483 Arthro-

376 2534 551 2557 cnemum
584 2524 810 2559 fruticosum
843 2539 881 2574 y,
916 2527 1248 2571 macrostacliyum
1281 2527 1406 2578 Moq.)
1438 2527 1568 2572 (Hisp.
1596 2520 1774 2570 Sabino).

380 2599 472 2634 Cum
508 2601 625 2646 priori
657 2603 723 2648 (α)
757 2602 790 2636 in
827 2603 981 2647 planitie
1021 2603 1202 2648 argillosa
1237 2605 1418 2640 subsalsa
1459 2605 1557 2639 inter
1592 2606 1707 2639 Lorca
1740 2608 1778 2638 et

431 2679 576 2713 Totana
609 2683 732 2724 (prov,
765 2680 951 2724 Murcia);
986 2680 1089 2716 Cabo
1122 2682 1169 2716 de
1205 2681 1318 2717 Gata!

265 2756 378 2791 Obs.
443 2757 601 2801 Species
642 2758 860 2793 certissime
900 2770 919 2792 a
961 2760 1000 2793 S.
1040 2761 1223 2805 fruticosa
1258 2760 1297 2794 L.
1332 2759 1640 2805 distinctissimm
1690 2770 1777 2806 nec⁷

321 2838 359 2867 ut
390 2839 525 2868 censet
556 2836 627 2869 cel.
652 2836 1019 2885 Moquin-Tandon,
1053 2837 1229 2882 ejusdem
1264 2837 1377 2871 modo
1410 2837 1588 2871 varietas.
1639 2837 1780 2871 Praeter
