1929 3157
276 251 332 284 a*
347 236 356 245 ²
1436 253 1550 289 mu
1561 247 1652 284 Αιΐ

167 285 216 309 s‘l
249 316 252 320 A
1525 316 1530 321 1

149 308 256 372 (323)ss
1419 320 1466 353 m
1487 319 1519 344 vx
1565 304 1693 343 &¹024ss

126 354 177 395 l)
1413 388 1449 418 μ-
1468 398 1473 409 .
1492 406 1496 413 ,
1516 371 1699 411 ,ωεν-

1456 438 1660 479 cresum&

386 522 449 564 (Af
464 522 648 556 Naturhist.
669 520 786 554 Foren.
812 520 969 553 Vidensk.
991 520 1215 554 Meddelelser
1236 520 1349 561 1860).

310 846 528 913 Pugillus
569 846 830 914 plantarum
858 848 1080 913 Imprimis
1108 845 1468 913 hispanicarum,

485 971 567 1006 quas
585 961 617 992 in
638 961 758 993 itinere
778 960 951 993 1851—52
969 960 1051 1003 legit
1068 959 1144 992 Joh.
1166 959 1288 1003 Lanye.

252 1134 309 1169 Ex
353 1132 489 1169 itinere
535 1144 604 1180 per
643 1133 800 1169 Galliam
847 1133 1077 1184 australem,
1124 1133 1318 1187 Pyreneos
1365 1134 1553 1170 centrales
1599 1140 1634 1171 et

144 1212 266 1250 varias
298 1211 496 1259 Hispaniae
531 1213 745 1259 provincias
778 1216 963 1259 suscepto
996 1212 1138 1262 redux,
1180 1212 1290 1247 annis
1322 1217 1456 1258 postea
1490 1213 1633 1260 elapsis

142 1292 179 1328 in
212 1291 504 1329 collectionibus
536 1292 755 1328 numerosis
790 1290 1093 1327 determinandis
1134 1295 1346 1337 occupatus
1381 1302 1487 1338 sum;
1521 1292 1633 1328 variis

142 1375 266 1410 autem
286 1370 451 1417 negotiis
469 1369 677 1417 impeditus
704 1382 780 1406 non
809 1375 924 1420 tanta,
959 1381 1032 1416 qua
1060 1370 1375 1420 desideraverim,
1408 1370 1634 1406 assiduitate

143 1450 247 1498 operi
266 1450 486 1486 incumbere
506 1449 625 1496 potui.
659 1449 949 1497 Descriptiones
977 1454 1187 1497 accuratas,
1213 1449 1387 1485 iconibus
1406 1448 1633 1500 illustratas,

142 1529 356 1577 specierum
389 1540 568 1564 novarum
601 1540 620 1564 a
653 1541 711 1565 me
744 1530 977 1565 detectarum
1010 1529 1074 1564 diu
1093 1532 1340 1578 praeparatas,
1372 1529 1453 1566 Deo
1473 1529 1634 1579 favente,

142 1609 303 1656 posthac
331 1607 520 1656 editurus,
553 1619 627 1644 non
659 1607 791 1644 inutile
818 1608 921 1658 duxi,
955 1612 1205 1655 conspectum
1223 1608 1449 1654 praemittere
1468 1609 1634 1644 omnium

144 1687 359 1735 specierum
392 1698 488 1734 quas
520 1687 632 1723 variis
664 1687 757 1723 locis
790 1687 980 1733 praecipue
1017 1687 1211 1733 Hispaniae
1243 1687 1455 1737 observavi,
1489 1688 1633 1734 adjecta

140 1767 243 1803 brevi
276 1766 537 1813 descriptione
569 1777 696 1802 earum
730 1777 812 1813 quae
843 1765 900 1801 vel
935 1777 1038 1802 novae
1069 1767 1125 1801 vel
1153 1766 1277 1802 minus
1296 1766 1461 1812 perfecte
1479 1767 1636 1812 cognitae

143 1850 247 1896 sunt,
281 1849 317 1882 et
333 1844 489 1882 omissis
509 1845 623 1881 modo
644 1844 706 1895 iis,
739 1856 835 1892 quas
849 1846 927 1892 jam
953 1845 1015 1880 alii
1046 1849 1216 1894 autores,
1250 1845 1296 1880 de
1315 1846 1407 1881 ssora
1426 1846 1633 1892 Hispanica

142 1928 373 1974 tractantes,
413 1923 449 1959 in
491 1924 630 1960 iisdem
672 1924 764 1962 locis
805 1924 1039 1970 collegerant
1077 1928 1190 1970 atque
1229 1923 1265 1959 in
1301 1924 1452 1971 scriptis
1486 1925 1634 1972 publice

143 2008 543 2040 commemoraverant.
605 2004 732 2050 Hujus
765 2008 998 2050 conspectus
1041 2003 1200 2049 primam
1240 2007 1408 2050 partem,
1452 2004 1635 2050 Acotyle-

143 2083 290 2119 doneas
323 2082 468 2118 scilicet
499 2086 535 2117 et
561 2083 955 2130 Monocotyledoneas
992 2083 1327 2131 complectentem,
1361 2082 1419 2118 hic
1451 2083 1636 2119 botanicis

142 2161 309 2197 offerens
333 2173 464 2211 spero,
496 2166 537 2197 ut
555 2162 887 2198 observationibus
919 2161 1014 2197 meis
1048 2162 1093 2196 ad
1126 2161 1259 2197 floram
1282 2162 1488 2210 Hispaniae,
1520 2161 1633 2197 nimis

141 2240 205 2276 diu
237 2240 464 2291 neglectam,
497 2241 649 2287 plenius
683 2241 990 2286 cognoscendam
1010 2240 1108 2275 etad
1137 2239 1443 2277 distributionem
1471 2252 1633 2287 geogra-

139 2318 287 2365 phicam
320 2320 524 2356 multarum
558 2319 772 2367 specierum
814 2319 935 2365 magis
977 2323 1152 2354 accurate
1194 2319 1427 2355 limitandam
1462 2320 1630 2355 nonnihil

139 2398 391 2436 contribuam.

135 2448 151 2456 .,

83 2452 148 2487 3

250 2478 391 2514 Praeter
422 2490 463 2514 ea
497 2489 579 2525 quae
610 2477 694 2524 ipse
727 2476 861 2521 collegi
894 2476 950 2512 vel
982 2476 1173 2525 adnotavi,
1208 2477 1306 2512 haud
1339 2477 1526 2522 ingratum
1552 2479 1630 2515 fore

85 2491 151 2555 92

93 2555 257 2607 v-duxi,
305 2557 593 2593 observationes
635 2557 822 2603 quasdam
857 2557 903 2591 de
936 2556 1075 2602 plantis
1105 2557 1180 2603 jam
1215 2561 1300 2592 ante
1334 2558 1474 2593 multos
1507 2570 1629 2595 annos

105 2619 210 2695 1{per
252 2635 372 2672 varias
426 2636 638 2682 peninsulae
686 2636 840 2672 lberieae
897 2641 1024 2682 partes
1078 2635 1279 2685 collectis,
1337 2637 1404 2671 sed
1459 2638 1628 2673 nondum

108 2712 355 2764 Quemque,
390 2719 572 2761 quantum
606 2714 699 2763 scio,
735 2715 872 2761 publici
900 2715 997 2761 juris
1030 2714 1136 2750 sactis
1168 2714 1324 2749 addere.
1386 2716 1490 2751 Inter
1506 2717 1626 2754 varias

112 2775 404 2854 ᾒῆίθεῐίοηεε,
438 2805 534 2840 quas
567 2795 802 2841 perlustrare
834 2794 923 2831 mihi
957 2794 1127 2842 contigit,
1168 2794 1263 2829 duas
1298 2794 1484 2840 praecipue
1517 2797 1627 2842 plan—

1310 2870 1324 2901 1
