1919 3199
973 144 1058 184 202

372 280 604 328 loso-hirta,
649 281 793 315 corolla
826 279 1004 326 parvula,
1051 278 1191 325 calycis
1232 279 1380 315 laciniis
1413 280 1705 328 subaequilonga
1738 292 1774 316 v.

374 358 537 404 longior.
598 359 694 394 Toto
729 358 859 393 babitu
890 357 1000 392 valde
1034 357 1222 393 recedens
1255 369 1275 393 a
1307 358 1427 393 forma
1460 358 1596 405 typica.

374 437 414 472 ln
449 437 614 472 collibus
648 436 858 472 schistosis
891 437 938 471 ad
972 437 1005 471 la
1034 435 1226 484 carolina,
1263 435 1314 474 10
1344 436 1420 472 Mai
1453 447 1486 471 c.
1521 437 1557 473 ss.
1592 441 1628 472 et
1659 437 1723 473 ln!

258 516 305 553 A.
340 515 448 552 molle
481 516 519 550 L.
555 515 684 559 (Barr.
717 514 763 551 ic.
798 513 925 561 598),
970 514 1112 560 optime
1156 514 1380 550 distinctum
1413 525 1431 549 a
1466 515 1596 560 specie
1629 515 1775 551 subsc-

373 598 515 641 quente
547 591 721 628 caulibus
756 593 1096 641 decumbentibus,
1130 592 1366 642 fragillimiS,
1400 592 1630 629 brevissime
1662 593 1774 629 albo-

377 671 609 707 tomentosis
643 673 735 715 (nec
753 672 1036 722 glandulosis)‚
1069 672 1170 707 foliis
1189 672 1376 707 obovato-
1407 683 1440 708 v.
1467 675 1602 708 ovato·
1633 673 1776 708 subor-

372 749 608 786 bicularibus
643 754 715 786 etc.
780 750 910 785 Flores
944 761 1018 786 non
1052 749 1141 786 vidi.

374 829 416 863 In
450 827 612 873 rupibus
646 839 767 874 prope
800 828 986 874 oppidum
1017 828 1205 863 Almeria!

256 906 304 945 A.
328 907 557 957 qlutinosum
590 906 719 945 Boiss.
752 906 788 941 ὣ
819 907 930 943 Reut.

373 986 515 1032 Guejar
539 985 690 1030 [Sierra
710 984 905 1032 Nevada);
924 985 970 1020 ad
990 996 1130 1031 pagum
1150 984 1291 1020 Viznar
1310 985 1345 1021 ss.
1365 989 1529 1034 granam,
1548 986 1640 1032 Apr.
1660 996 1692 1022 e.
1713 982 1774 1022 ss.!

259 1066 372 1102 Obs.
428 1065 518 1100 Haec
551 1063 704 1109 species
738 1064 947 1099 admodum
979 1063 1173 1099 variabilis
1206 1063 1379 1113 videtur,
1420 1068 1456 1100 et
1489 1063 1691 1109 suspicor,
1723 1061 1775 1100 A.

344 1146 551 1193 rupestrem
584 1141 714 1178 Boiss.
736 1141 898 1177 &Reuh
933 1151 1023 1188 pug.
1057 1153 1093 1188 p.
1118 1141 1172 1180 82
1203 1142 1261 1177 vix
1295 1141 1369 1177 nisi
1401 1142 1560 1177 sormam
1595 1141 1773 1188 ejusdem

344 1221 499 1257 sistere.

261 1300 310 1338 A.
341 1298 577 1349 hispanicum
610 1298 726 1335 Chav.

375 1378 492 1413 Cerro
525 1378 675 1413 Mazota
709 1388 767 1423 pr.
800 1376 998 1422 Escorial3
1033 1376 1151 1411 Cerro
1185 1376 1409 1422 Zumbalejo
1443 1387 1500 1422 pr.
1533 1376 1645 1424 Jaen,
1677 1374 1779 1411 Mai-

431 1457 521 1491 Jun.
555 1467 587 1490 c.
623 1455 680 1490 lh!

265 1535 378 1571 Obs.
429 1533 647 1580 Specimina
680 1536 886 1579 carpetana
919 1533 1041 1578 magis
1075 1533 1234 1568 robusta
1254 1533 1469 1579 pedicellos
1489 1533 1631 1568 habent
1650 1533 1779 1578 calyce

349 1611 582 1658 bractefique
616 1611 835 1660 longiores,
881 1611 917 1646 in
959 1610 1238 1657 speciminibus
1278 1614 1403 1646 autem
1443 1613 1490 1647 ad
1530 1612 1626 1647 Jaen
1669 1611 1781 1647 lectis

349 1692 465 1727 nores
507 1691 774 1738 subsessiles,
823 1691 985 1725 bracteae
1029 1689 1220 1736 pedicello
1270 1691 1388 1725 multo
1428 1690 1626 1736 longiores
1673 1694 1779 1726 sunt.

340 1768 605 1807 Differentiam
638 1769 860 1815 specificam
895 1779 914 1803 a
948 1768 1190 1813 praecedente
1241 1771 1410 1803 ceterum
1457 1768 1653 1804 simillimo
1693 1767 1780 1803 vide

348 1848 448 1894 apud
485 1847 614 1883 Boiss.
649 1851 686 1882 et
717 1848 827 1883 Reut.
862 1856 951 1892 pug.
985 1846 1010 1881 l.
1042 1857 1075 1881 c.

263 1926 311 1964 A.
343 1925 465 1974 majus
500 1926 538 1962 L.
571 1925 709 1974 (Hisp.
742 1926 942 1969 Becerra).

377 2005 419 2039 ln
469 2004 630 2050 sepibus
690 2007 727 2038 et
782 2003 901 2038 muris
949 2002 1124 2049 oppiduli
1170 2001 1401 2036 Villasranca
1452 2000 1688 2046 Cantabriae3
1742 2000 1779 2036 in

349 2082 545 2118 montibus
577 2081 762 2118 Marianis
795 2082 841 2116 ad
874 2081 1073 2117 Trasierra
1107 2092 1164 2127 pr.
1199 2079 1394 2127 Cordoba‚
1429 2079 1585 2116 Sevilla!

266 2160 315 2198 A.
347 2159 613 2197 meonamhum
647 2160 750 2206 Hffg.
784 2165 820 2196 et
852 2159 919 2197 Lk.
953 2159 976 2195 Ι.
1009 2170 1041 2194 c.
1075 2159 1150 2194 tab.
1185 2158 1251 2196 51.

380 2241 422 2276 ln
457 2239 619 2285 rupibus
653 2239 700 2274 ad
738 2239 884 2274 Puente
917 2238 964 2273 de
998 2238 1136 2273 Cruzul
1172 2236 1364 2284 Galleciae,
1396 2235 1450 2273 23
1481 2236 1559 2273 Jul.
1592 2248 1624 2271 c.
1658 2236 1718 2270 ss.!

268 2318 383 2354 Obs.
448 2317 607 2363 Species
647 2317 726 2352 baec
768 2316 1062 2352 distinctissima
1104 2319 1207 2351 certe
1254 2315 1328 2352 cel.
1362 2314 1501 2350 Benlh.
1545 2315 1674 2360 ignota
1715 2313 1785 2349 suit

353 2396 510 2442 quando
561 2406 642 2430 eam
692 2395 784 2442 (DC.
832 2395 964 2441 prodr.
1012 2395 1069 2443 Χ,
1114 2393 1223 2441 292)
1279 2404 1363 2429 cum
1415 2392 1462 2430 A.
1500 2392 1786 2442 sempervireme

355 2475 517 2520 Lapeyr.
549 2473 759 2519 conjunxit.
821 2472 958 2508 Differt
990 2472 1091 2508 enim
1124 2473 1170 2508 ab
1204 2472 1276 2507 hoc
1308 2472 1416 2507 caule
1448 2471 1628 2518 elatiore,
1661 2471 1784 2506 sube-

356 2556 483 2600 recto⁷
532 2562 702 2597 superne
742 2551 1178 2599 glanduloso-viuoso‚
1228 2550 1327 2586 foliis
1375 2550 1604 2586 lanceolatis
1644 2549 1785 2597 acutis,

355 2629 559 2676 pedicellis
594 2629 848 2676 brevissimis,
881 2628 1021 2675 calycis
1054 2628 1203 2665 laciniis
1237 2627 1640 2676 lineari-lanceolatis,
1672 2627 1786 2662 villo-

357 2708 430 2756 sis,
464 2709 618 2743 corollae
651 2707 891 2743 ochroleucae
924 2708 1014 2742 tubo
1048 2706 1222 2751 longiore
1255 2711 1327 2742 ele.
1377 2707 1580 2752 Specimen
1613 2705 1784 2752 unicum,

360 2787 463 2833 quod
498 2786 700 2834 possideo,
734 2785 769 2820 in
803 2785 939 2820 itinere
972 2785 1096 2820 obiter
1137 2785 1354 2833 abreptum,
1388 2784 1518 2830 sigurae
1545 2789 1581 2820 et
1605 2782 1786 2828 descrip-

357 2864 452 2914 tioni
485 2864 520 2899 in
555 2875 672 2910 opere
705 2863 817 2899 citato
852 2864 993 2910 optime
1028 2863 1253 2909 respondet.
