1929 3277
226 283 265 319 C.
298 283 592 329 cornucopioides
626 280 703 324 (L.)
736 279 793 314 Fr.

335 361 378 395 In
411 359 569 406 rupibus
602 357 793 404 graniticis
826 357 872 392 ad
912 357 1013 401 Lugo
1047 353 1251 391 Ganeciae!

225 439 481 476 stereocaulon
507 439 678 485 paschale
709 437 790 483 (L.)
825 436 934 470 Laur.

334 518 375 552 In
411 517 568 563 rupibus
601 514 793 561 graniticis
826 514 873 549 ad
907 513 1029 559 Lago!

774 648 813 687 3.
876 647 1155 685 Ramalodei.

225 752 389 790 Roccella
417 754 618 803 phycopsis
650 751 743 786 Ach.

335 832 375 867 In
410 831 567 878 rupibus
602 830 797 867 maritimis
830 830 876 865 ad
909 831 944 865 la
978 829 1149 875 Corufia3
1191 828 1226 864 in
1261 826 1421 875 rupibus
1463 827 1715 876 promontorii

392 911 608 947 Charidemi
641 909 762 954 (Cabo
796 910 842 945 de
877 909 1011 954 GataJI

224 992 265 1028 R.
296 992 503 1039 fuciformis
535 991 612 1039 (L.)
645 990 737 1026 Ach.

334 1071 373 1105 ln
412 1070 571 1117 rupibus
606 1069 804 1105 maritimis
836 1068 886 1105 ad
920 1069 953 1104 la
990 1067 1138 1105 Corufia
1172 1079 1256 1104 oum
1289 1067 1427 1115 priori!

225 1150 340 1187 Usnea
370 1151 524 1186 barbata
557 1150 633 1193 (L.)
667 1150 722 1186 Fr.

336 1229 374 1263 ln
409 1232 535 1264 monte
568 1232 772 1275 quartzoso
806 1227 894 1264 Pico
915 1227 1033 1273 Sagro
1054 1226 1226 1263 Gaueeiae
1258 1228 1392 1275 (supra
1424 1226 1575 1263 Ericam
1608 1225 1714 1262 cine-

388 1319 489 1344 ream
522 1308 694 1355 aliasque
727 1307 987 1352 suffrutieesjt

223 1388 383 1425 Everm'a
412 1391 604 1436 prunastri
635 1388 713 1435 (L.)
748 1387 842 1423 Ach.

333 1468 375 1503 In
394 1467 544 1504 ericetis
563 1467 753 1503 montanis
773 1467 819 1502 ad
838 1465 1062 1513 oppidulum
1077 1465 1302 1503 Villafranca
1321 1465 1382 1502 del
1402 1464 1536 1500 Vierzo
1557 1457 1717 1509 (Leonss

223 1547 415 1585 Ramalina
445 1547 614 1585 calicaris
646 1550 679 1589 b,
708 1549 907 1596 fastiyiata
938 1547 995 1583 Fr.

330 1628 387 1663 Ad
427 1630 584 1662 truncus
624 1625 763 1670 Querci
802 1625 904 1662 Ilicis
946 1637 1065 1672 prope
1097 1625 1379 1662 Valdehuertas
1425 1624 1479 1668 (in
1523 1623 1717 1661 montibus

387 1701 609 1748 Marianis)!

225 1788 265 1823 R.
296 1787 501 1834 pollinaria
532 1784 625 1820 Ach.

342 1865 384 1900 In
418 1864 531 1900 ramis
565 1863 726 1900 Rhamni
759 1863 920 1900 oleoidis
961 1863 1008 1899 ad
1041 1863 1194 1900 Portum
1230 1864 1302 1899 Stae
1333 1862 1460 1901 Mariae
1492 1863 1529 1898 ss.
1565 1862 1715 1910 Gadit.;

390 1944 425 1980 in
461 1943 578 1980 ramis
612 1943 714 1990 Lycii
746 1943 908 1979 intricati
941 1943 986 1979 ad
1021 1947 1212 1990 promont.
1248 1943 1536 1978 Charidemum!

223 2026 265 2061 R.
294 2024 539 2073 polymorpho
558 2022 650 2058 Ach.

333 2104 373 2139 In
407 2102 567 2150 rupibus
600 2101 815 2149 trachyticis
849 2101 1098 2148 promontorii
1133 2101 1374 2149 Charidemig
1416 2101 1453 2137 in
1484 2101 1598 2138 ramis
1634 2100 1714 2137 Pini

388 2181 575 2218 silvestris
608 2182 654 2216 ad
687 2191 825 2228 pagum
859 2180 1137 2219 Guadarrama!

224 2264 265 2299 R.
297 2263 528 2310 scopulorum
559 2256 706 2311 (Retz.)
737 2260 831 2297 Ach.

333 2342 374 2376 ln
409 2340 568 2387 rupibus
600 2340 798 2376 maritimis
827 2339 875 2375 ad
907 2340 940 2374 la
975 2336 1147 2377 Corufia!

223 2423 387 2459 cetraria
418 2419 582 2457 aculeata
613 2420 768 2464 (Ehrh.)
802 2420 860 2455 Fr.

333 2500 375 2534 ln
409 2499 558 2535 ericetis
592 2510 710 2545 prope
730 2500 849 2549 Lugo,
886 2498 1111 2534 Villasranca
1135 2498 1197 2534 del
1217 2497 1351 2533 Vierzo
1377 2501 1446 2536 etc.
1478 2496 1589 2544 Hisp.
1608 2492 1712 2534 bon!

226 2579 413 2624 l'lalysma
441 2578 609 2625 glaucum
640 2579 717 2624 (L.)
748 2579 832 2625 Nyl.
864 2580 997 2625 fertile.

335 2658 374 2692 ln
408 2656 546 2693 cortice
567 2658 645 2693 Pini
672 2658 861 2694 silvestris
882 2657 917 2693 in
939 2657 1093 2703 regione
1111 2660 1289 2692 montana
1309 2655 1508 2702 superiore
1530 2656 1713 2692 montium

388 2736 688 2782 Carpetanorum
722 2748 837 2784 supra
870 2748 1008 2784 pagum
1047 2736 1333 2772 Guadarrama!

223 2818 269 2854 P.
293 2818 543 2864 juniperinum
573 2816 650 2860 (L.)
683 2816 767 2863 Nyl.
797 2829 876 2853 var.
910 2823 1084 2853 terrestre.

336 2897 374 2930 ln
409 2895 569 2941 rupibus
602 2906 680 2940 reg.
714 2896 788 2941 alp.
825 2896 958 2941 Pyron.
993 2895 1104 2941 Hisp.
1138 2894 1244 2939 (Port
1276 2893 1322 2929 de
1356 2894 1388 2929 {a
1422 2888 1599 2938 Picade).'
