1929 3277
812 124 890 162 101

104 259 307 303 Thymecaea
323 261 472 304 virgata
490 258 633 301 (Desf.)
653 258 770 293 Endl.
791 258 829 305 497
865 260 1064 302 densillora
1092 258 1196 302 nob.7
1231 256 1330 290 foliis
1350 254 1610 290 crebrioribus

213 335 515 379 subimbricatis7
551 335 709 370 floribus
749 336 924 369 bracteas
948 336 1223 379 superantibus
1245 333 1338 368 iisve
1365 333 1609 379 aequilongis,

215 413 248 447 in
269 413 414 458 spicam
437 413 598 447 densam
632 401 1010 457 (necinte1¹rt1ptam)
1045 412 1272 457 dispositis;
1307 415 1477 445 tomento
1499 410 1608 444 niveo

214 490 342 536 potius
377 501 490 536 quam
525 491 811 526 sericeo-cano.

216 569 254 602 ln
289 568 477 613 Hispania
513 568 704 617 (australi,
738 568 822 602 loco
856 567 970 602 natali
1004 578 1077 602 non
1112 566 1296 609 indicato)
1330 566 1441 600 Cabr.
1472 566 1506 600 in
1542 566 1606 600 hb.

269 646 359 691 Ag.!
420 646 484 680 hb.
521 646 685 681 Liebrn.!

102 723 213 758 Obs.
276 724 366 758 Haec
399 723 552 769 species
596 723 931 758 boreali-africana
965 723 1151 768 nondum,
1201 727 1384 767 quantum
1426 720 1523 767 scio,
1573 720 1608 755 in

158 801 346 846 Hispania
381 802 478 836 lecta
513 801 581 835 suit
614 802 676 845 [cf.
710 800 851 837 Meisn.
886 801 922 834 in
950 800 1029 836 DC.
1064 800 1194 845 prodr.
1218 799 1318 847 XIV7
1352 799 1463 847 553),
1492 809 1610 844 qnare

153 878 345 924 suspicari
378 880 433 914 fas
468 884 563 925 erat,
612 879 708 913 hanc
741 883 776 913 et
810 879 941 923 plures
974 879 1103 912 forsan
1139 877 1291 922 species
1319 877 1504 911 africanas
1537 877 1611 911 im-

155 956 292 991 mixtas
327 957 446 992 fuisse
482 957 621 1002 plantis
656 956 881 1001 hispanicis,
916 957 1027 990 beato
1063 954 1255 999 Agardhio
1290 954 1376 989 olim
1411 966 1429 989 a
1464 956 1499 989 h.
1536 955 1607 989 Ca-

157 1034 265 1069 brera
300 1035 604 1069 communicatis.
669 1035 743 1068 Sed
779 1034 813 1068 in
850 1032 1362 1067 herbario‘Liebmanniano
1397 1032 1607 1077 specimina

157 1123 320 1157 prorsus
361 1112 498 1147 similia
533 1113 676 1147 adsunt
713 1123 797 1146 cum
838 1110 1024 1145 schedula
1076 1110 1222 1155 adjecta
1269 1121 1336 1156 „ex
1381 1109 1608 1159 Hispania“,

154 1200 248 1225 casu
289 1194 414 1225 autern
459 1190 626 1225 infausto
667 1189 701 1224 in
746 1189 803 1223 his
850 1199 1004 1234 quoque
1047 1200 1117 1223 nec
1158 1188 1228 1222 loci
1270 1189 1451 1233 specialis
1486 1200 1611 1234 neque

154 1267 373 1303 collectoris
418 1268 493 1303 ulla
536 1267 717 1302 indicatio
760 1268 885 1301 adest.
960 1266 1127 1301 Ulterior
1167 1266 1408 1310 investigatio
1443 1267 1610 1315 docebit⁷

153 1350 278 1380 utrum
314 1346 390 1380 haec
424 1347 554 1391 planta
588 1356 673 1379 vere
708 1344 905 1390 hispanica
941 1344 990 1379 sit
1023 1349 1059 1378 et
1091 1343 1243 1379 ubinam
1279 1345 1428 1379 crescit.
1508 1345 1611 1379 Cha-

155 1428 322 1458 ractcres
352 1434 468 1469 supra
504 1423 692 1470 indicatae⁷
725 1422 865 1469 quibus
900 1421 1111 1467 specimina
1146 1421 1342 1467 hispanica
1376 1434 1392 1456 a
1428 1422 1610 1457 maurita-

154 1501 248 1536 nicis
283 1503 485 1549 recedunt⁷
520 1501 565 1535 ad
601 1512 734 1535 novam
769 1501 939 1546 speciem
973 1500 1283 1535 constituendam
1318 1500 1374 1534 vix
1401 1500 1609 1534 sufficiunt.

100 1580 164 1614 Th.
201 1582 396 1616 thesioiaes
442 1579 585 1622 (Lam.)
633 1579 747 1614 Endl.
791 1578 971 1624 (Daphne
1020 1578 1173 1612 humilis
1207 1578 1302 1612 Vahl
1345 1577 1472 1612 herb.!
1516 1578 1611 1612 Pas-

223 1668 350 1692 serina
386 1657 603 1692 thesioides
639 1657 813 1701 Wikstr„
850 1657 887 1691 P.
924 1656 1147 1690 linearisolia
1182 1656 1288 1692 herb,
1324 1656 1494 1697 Pourr.)l

212 1736 249 1769 ln
285 1736 379 1770 locis
414 1735 570 1770 incultis
604 1735 688 1770 solo
723 1733 895 1768 calcareo
930 1734 975 1767 ad
1009 1734 1141 1768 Monte
1174 1734 1321 1768 Torozo
1356 1736 1478 1778 (prov,
1518 1733 1608 1767 Val-

266 1812 430 1857 ladolid)
479 1814 500 1849 7
533 1813 608 1847 Jul.
652 1824 685 1847 c.
721 1812 756 1846 ss.
802 1816 837 1846 et
869 1811 934 1846 fr.!
998 1813 1164 1855 Aragon.
1208 1811 1306 1845 inter
1353 1811 1545 1855 Zaragoza
1587 1822 1606 1845 e

267 1892 380 1935 Fraga
415 1891 610 1936 (Pourr.)!

96 1967 207 2002 Obs.
272 1968 431 2014 Absque
465 1968 582 2003 dubio
615 1968 685 2002 cel.
721 1967 905 2015 Meisner7
954 1966 986 2001 si
1029 1966 1239 2012 specimina
1282 1966 1447 2012 perlecta
1491 1965 1605 2010 hujus

151 2046 287 2091 plantae
319 2046 495 2093 vidisset,
529 2046 690 2080 eandem
724 2046 781 2079 vix
815 2056 898 2079 cum
921 2046 1024 2080 Pass.
1045 2044 1206 2090 elliplica
1228 2043 1353 2078 Boiss.
1375 2044 1462 2086 (Th.
1484 2043 1606 2078 thesi·

150 2123 261 2158 oides
293 2125 334 2172 β,
369 2124 537 2169 elliptica
570 2124 710 2160 Meisn.
743 2123 778 2157 in
812 2123 892 2160 DC.
927 2123 1059 2168 prodr.
1094 2123 1116 2156 l.
1151 2121 1202 2168 c.)
1236 2122 1516 2167 conjunxisset.
1553 2141 1602 2145 —

152 2202 355 2247 Specimen
405 2202 665 2237 authenticum
711 2202 748 2235 P.
800 2201 1003 2235 thesioidis
1047 2201 1230 2245 Wikstr.‚
1278 2200 1324 2234 ab
1365 2200 1451 2244 ipso
1498 2199 1607 2233 Wik-

151 2279 311 2314 stromio
355 2280 675 2326 determinatum,
715 2290 734 2313 a
775 2280 886 2313 beato
930 2279 977 2313 de
1009 2278 1168 2312 Jussieu
1212 2277 1301 2312 olim
1344 2277 1381 2311 in
1417 2277 1604 2322 Hispania

151 2358 288 2391 lectum
322 2362 359 2392 et
392 2357 546 2392 nomine
581 2358 754 2403 Daphnes
785 2356 931 2392 humilis
962 2356 998 2390 in
1034 2356 1141 2390 herb.
1177 2355 1302 2389 Vahlii
1338 2358 1603 2401 asservatum,

149 2435 364 2480 comparavi
397 2436 578 2480 idemque
611 2439 685 2468 tam
719 2445 803 2469 cum
824 2433 1102 2479 speciminibus
1138 2432 1232 2468 meis
1252 2438 1382 2467 exacte
1401 2432 1606 2467 conveniie

152 2523 263 2557 quam
308 2523 325 2546 a
361 2513 399 2547 P.
435 2512 599 2557 elliptica
641 2512 755 2556 longe
796 2510 948 2545 differre
991 2521 1204 2555 persuasus
1246 2521 1356 2557 sum,
1405 2520 1522 2554 quare
1555 2511 1601 2544 ad

149 2590 405 2635 cognitionem
440 2589 651 2635 pleniorem
687 2588 829 2634 speciei
871 2589 1073 2633 hucusque
1112 2588 1333 2633 imperfecte
1372 2588 1532 2632 cognitae
1564 2593 1604 2622 ut

152 2667 324 2702 nonnihil
357 2667 612 2716 contribuam,
646 2667 798 2701 brevem
833 2666 1008 2710 ejusdem
1043 2665 1363 2715 descriptionem,
1412 2677 1497 2700 cuin
1530 2665 1603 2699 Th.

150 2744 314 2790 elliptica
347 2749 621 2793 comparatam,
656 2745 713 2779 hic
746 2744 942 2788 adjiciam:

1302 2819 1341 2850 7³1<
