<?xml version="1.0" encoding="UTF-8"?>
<!DOCTYPE html PUBLIC "-//W3C//DTD XHTML 1.0 Transitional//EN"
    "http://www.w3.org/TR/xhtml1/DTD/xhtml1-transitional.dtd">
<html xmlns="http://www.w3.org/1999/xhtml" xml:lang="en" lang="en">
 <head>
  <title>
</title>
<meta http-equiv="Content-Type" content="text/html;charset=utf-8" />
  <meta name='ocr-system' content='tesseract 3.04.00' />
  <meta name='ocr-capabilities' content='ocr_page ocr_carea ocr_par ocr_line ocrx_word'/>
</head>
<body>
  <div class='ocr_page' id='page_1' title='image "./pugillusplantaru1860lang_0013.png"; bbox 0 0 1929 3277; ppageno 0'>
   <div class='ocr_carea' id='block_1_1' title="bbox 218 257 747 306">
    <p class='ocr_par' dir='ltr' id='par_1_1' title="bbox 218 257 747 306">
     <span class='ocr_line' id='line_1_1' title="bbox 218 257 747 306; baseline -0.008 -11"><span class='ocrx_word' id='word_1_1' title='bbox 218 260 256 296; x_wconf 91' lang='lat' dir='ltr'><strong><em>C.</em></strong></span> <span class='ocrx_word' id='word_1_2' title='bbox 287 261 422 306; x_wconf 80' lang='lat' dir='ltr'><em>fibrosa</em></span> <span class='ocrx_word' id='word_1_3' title='bbox 453 257 644 302; x_wconf 81' lang='lat' dir='ltr'><strong>(Staekh.]</strong></span> <span class='ocrx_word' id='word_1_4' title='bbox 678 257 747 303; x_wconf 86' lang='lat' dir='ltr'><strong><em>Ag.</em></strong></span> 
     </span>
    </p>
   </div>
   <div class='ocr_carea' id='block_1_2' title="bbox 328 333 1641 384">
    <p class='ocr_par' dir='ltr' id='par_1_2' title="bbox 328 333 1641 384">
     <span class='ocr_line' id='line_1_2' title="bbox 328 333 1641 384; baseline -0.004 -12"><span class='ocrx_word' id='word_1_5' title='bbox 328 337 368 373; x_wconf 86' lang='lat' dir='ltr'><strong><em>In</em></strong></span> <span class='ocrx_word' id='word_1_6' title='bbox 404 336 555 373; x_wconf 81' lang='lat' dir='ltr'>Oceano</span> <span class='ocrx_word' id='word_1_7' title='bbox 588 338 717 373; x_wconf 78' lang='lat' dir='ltr'><strong>atlant.</strong></span> <span class='ocrx_word' id='word_1_8' title='bbox 750 337 842 382; x_wconf 83' lang='lat' dir='ltr'>[San</span> <span class='ocrx_word' id='word_1_9' title='bbox 876 334 1092 383; x_wconf 72' lang='lat' dir='ltr'><strong><em>Sebastian7</em></strong></span> <span class='ocrx_word' id='word_1_10' title='bbox 1125 335 1353 384; x_wconf 73' lang='lat' dir='ltr'>Santander,</span> <span class='ocrx_word' id='word_1_11' title='bbox 1388 334 1420 370; x_wconf 84' lang='lat' dir='ltr'><strong><em>la</em></strong></span> <span class='ocrx_word' id='word_1_12' title='bbox 1453 333 1641 376; x_wconf 64' lang='lat' dir='ltr'>CorufiaM</span> 
     </span>
    </p>
   </div>
   <div class='ocr_carea' id='block_1_3' title="bbox 643 466 1272 594">
    <p class='ocr_par' dir='ltr' id='par_1_3' title="bbox 643 466 1272 594">
     <span class='ocr_line' id='line_1_3' title="bbox 806 466 1100 506; baseline -0.003 0"><span class='ocrx_word' id='word_1_13' title='bbox 806 469 850 506; x_wconf 86' lang='grc' dir='ltr'><strong><em>ΙΙ.</em></strong></span> <span class='ocrx_word' id='word_1_14' title='bbox 911 466 1100 506; x_wconf 72' lang='lat' dir='ltr'><strong>Lichenes.</strong></span> 
     </span>
     <span class='ocr_line' id='line_1_4' title="bbox 643 547 1272 594; baseline -0.005 -9"><span class='ocrx_word' id='word_1_15' title='bbox 643 550 818 594; x_wconf 81' lang='lat' dir='ltr'><strong>(determ.</strong></span> <span class='ocrx_word' id='word_1_16' title='bbox 852 548 920 583; x_wconf 84' lang='lat' dir='ltr'>cel.</span> <span class='ocrx_word' id='word_1_17' title='bbox 955 548 1013 582; x_wconf 91' lang='lat' dir='ltr'><strong><em>W.</em></strong></span> <span class='ocrx_word' id='word_1_18' title='bbox 1047 547 1272 594; x_wconf 81' lang='lat' dir='ltr'><strong>Nylauder).</strong></span> 
     </span>
    </p>
   </div>
   <div class='ocr_carea' id='block_1_4' title="bbox 217 649 1699 855">
    <p class='ocr_par' dir='ltr' id='par_1_4' title="bbox 217 649 1699 855">
     <span class='ocr_line' id='line_1_5' title="bbox 795 649 1117 687; baseline -0.009 0"><span class='ocrx_word' id='word_1_19' title='bbox 795 649 829 687; x_wconf 78' lang='lat'><strong><em>1.</em></strong></span> <span class='ocrx_word' id='word_1_20' title='bbox 894 650 1117 686; x_wconf 79' lang='lat' dir='ltr'><em>Lichinei.</em></span> 
     </span>
     <span class='ocr_line' id='line_1_6' title="bbox 217 729 833 778; baseline -0.008 -10"><span class='ocrx_word' id='word_1_21' title='bbox 217 732 367 768; x_wconf 69' lang='lat' dir='ltr'><em>Lichina</em></span> <span class='ocrx_word' id='word_1_22' title='bbox 393 742 562 778; x_wconf 75' lang='lat' dir='ltr'><strong><em>pyymaea</em></strong></span> <span class='ocrx_word' id='word_1_23' title='bbox 593 730 731 774; x_wconf 82' lang='lat' dir='ltr'><strong>(Lam.)</strong></span> <span class='ocrx_word' id='word_1_24' title='bbox 764 729 833 774; x_wconf 84' lang='lat' dir='ltr'><strong><em>Ag.</em></strong></span> 
     </span>
     <span class='ocr_line' id='line_1_7' title="bbox 325 805 1699 855; baseline -0.003 -9"><span class='ocrx_word' id='word_1_25' title='bbox 325 811 366 846; x_wconf 90' lang='lat' dir='ltr'><strong><em>ln</em></strong></span> <span class='ocrx_word' id='word_1_26' title='bbox 399 811 503 846; x_wconf 78' lang='lat' dir='ltr'>saxis</span> <span class='ocrx_word' id='word_1_27' title='bbox 535 810 580 844; x_wconf 86' lang='lat' dir='ltr'><strong><em>ad</em></strong></span> <span class='ocrx_word' id='word_1_28' title='bbox 614 809 737 845; x_wconf 83' lang='lat' dir='ltr'>littora</span> <span class='ocrx_word' id='word_1_29' title='bbox 772 807 913 844; x_wconf 82' lang='lat' dir='ltr'>Oceani</span> <span class='ocrx_word' id='word_1_30' title='bbox 947 819 1000 855; x_wconf 84' lang='lat' dir='ltr'><strong><em>pr.</em></strong></span> <span class='ocrx_word' id='word_1_31' title='bbox 1037 807 1129 853; x_wconf 88' lang='lat' dir='ltr'>Vigo</span> <span class='ocrx_word' id='word_1_32' title='bbox 1164 810 1199 843; x_wconf 86' lang='lat' dir='ltr'><strong><em>et</em></strong></span> <span class='ocrx_word' id='word_1_33' title='bbox 1231 806 1467 842; x_wconf 84' lang='lat' dir='ltr'><strong>Pontevedra</strong></span> <span class='ocrx_word' id='word_1_34' title='bbox 1501 805 1699 843; x_wconf 79' lang='lat' dir='ltr'>Galleciae!</span> 
     </span>
    </p>
   </div>
   <div class='ocr_carea' id='block_1_5' title="bbox 216 890 1084 1014">
    <p class='ocr_par' dir='ltr' id='par_1_5' title="bbox 216 890 1084 1014">
     <span class='ocr_line' id='line_1_8' title="bbox 216 890 537 938; baseline -0.009 -11"><span class='ocrx_word' id='word_1_35' title='bbox 216 891 253 927; x_wconf 89' lang='lat' dir='ltr'><strong><em>L.</em></strong></span> <span class='ocrx_word' id='word_1_36' title='bbox 288 891 437 938; x_wconf 78' lang='lat' dir='ltr'><em>confinis</em></span> <span class='ocrx_word' id='word_1_37' title='bbox 468 890 537 935; x_wconf 83' lang='lat' dir='ltr'><strong><em>Ag.</em></strong></span> 
     </span>
     <span class='ocr_line' id='line_1_9' title="bbox 324 966 1084 1014; baseline -0.004 -9"><span class='ocrx_word' id='word_1_38' title='bbox 324 968 442 1007; x_wconf 87' lang='lat' dir='ltr'>Simili</span> <span class='ocrx_word' id='word_1_39' title='bbox 475 968 638 1005; x_wconf 86' lang='lat' dir='ltr'><strong>statione</strong></span> <span class='ocrx_word' id='word_1_40' title='bbox 671 968 716 1003; x_wconf 84' lang='lat' dir='ltr'><strong><em>ad</em></strong></span> <span class='ocrx_word' id='word_1_41' title='bbox 750 966 932 1014; x_wconf 85' lang='lat' dir='ltr'>oppidum</span> <span class='ocrx_word' id='word_1_42' title='bbox 966 967 1084 1013; x_wconf 83' lang='lat' dir='ltr'>Vigo!</span> 
     </span>
    </p>
   </div>
   <div class='ocr_carea' id='block_1_6' title="bbox 739 1102 1172 1140">
    <p class='ocr_par' dir='ltr' id='par_1_6' title="bbox 739 1102 1172 1140">
     <span class='ocr_line' id='line_1_10' title="bbox 739 1102 1172 1140; baseline -0.002 -1"><span class='ocrx_word' id='word_1_43' title='bbox 739 1102 778 1140; x_wconf 78' lang='lat'><strong><em>2.</em></strong></span> <span class='ocrx_word' id='word_1_44' title='bbox 832 1102 1172 1139; x_wconf 74' lang='lat' dir='ltr'><em>Cladom&#39;oidei.</em></span> 
     </span>
    </p>
   </div>
   <div class='ocr_carea' id='block_1_7' title="bbox 207 1203 1701 2283">
    <p class='ocr_par' dir='ltr' id='par_1_7' title="bbox 207 1203 1701 2283">
     <span class='ocr_line' id='line_1_11' title="bbox 209 1203 1010 1253; baseline -0.005 -10"><span class='ocrx_word' id='word_1_45' title='bbox 209 1207 409 1252; x_wconf 78' lang='lat' dir='ltr'><em>Boeomyces</em></span> <span class='ocrx_word' id='word_1_46' title='bbox 440 1207 706 1253; x_wconf 77' lang='lat' dir='ltr'><em>icmadophilus</em></span> <span class='ocrx_word' id='word_1_47' title='bbox 738 1203 894 1252; x_wconf 82' lang='lat' dir='ltr'>(Ehrh.)</span> <span class='ocrx_word' id='word_1_48' title='bbox 927 1204 1010 1250; x_wconf 78' lang='lat' dir='ltr'><strong>Nyl.</strong></span> 
     </span>
     <span class='ocr_line' id='line_1_12' title="bbox 320 1283 1549 1332; baseline 0 -12"><span class='ocrx_word' id='word_1_49' title='bbox 320 1285 360 1320; x_wconf 91' lang='lat' dir='ltr'><strong><em>ln</em></strong></span> <span class='ocrx_word' id='word_1_50' title='bbox 393 1284 551 1332; x_wconf 86' lang='lat' dir='ltr'>rupibus</span> <span class='ocrx_word' id='word_1_51' title='bbox 584 1285 629 1319; x_wconf 85' lang='lat' dir='ltr'><strong><em>ad</em></strong></span> <span class='ocrx_word' id='word_1_52' title='bbox 663 1285 783 1319; x_wconf 85' lang='lat' dir='ltr'>lacum</span> <span class='ocrx_word' id='word_1_53' title='bbox 816 1283 989 1330; x_wconf 81' lang='lat' dir='ltr'>Espingo</span> <span class='ocrx_word' id='word_1_54' title='bbox 1021 1294 1099 1329; x_wconf 84' lang='lat' dir='ltr'><strong>reg.</strong></span> <span class='ocrx_word' id='word_1_55' title='bbox 1133 1283 1205 1329; x_wconf 82' lang='lat' dir='ltr'>alp.</span> <span class='ocrx_word' id='word_1_56' title='bbox 1240 1283 1374 1330; x_wconf 79' lang='lat' dir='ltr'><strong>Pyren.</strong></span> <span class='ocrx_word' id='word_1_57' title='bbox 1409 1284 1549 1320; x_wconf 64' lang='lat' dir='ltr'>centn!</span> 
     </span>
     <span class='ocr_line' id='line_1_13' title="bbox 207 1362 900 1412; baseline -0.006 -11"><span class='ocrx_word' id='word_1_58' title='bbox 207 1364 387 1402; x_wconf 80' lang='lat' dir='ltr'><em>Cladom&#39;a</em></span> <span class='ocrx_word' id='word_1_59' title='bbox 417 1363 610 1401; x_wconf 75' lang='lat' dir='ltr'><em>alcicorm‘s</em></span> <span class='ocrx_word' id='word_1_60' title='bbox 642 1362 816 1412; x_wconf 85' lang='lat' dir='ltr'>(Lightf.)</span> <span class='ocrx_word' id='word_1_61' title='bbox 842 1363 900 1398; x_wconf 89' lang='lat' dir='ltr'><strong><em>Fr.</em></strong></span> 
     </span>
     <span class='ocr_line' id='line_1_14' title="bbox 317 1441 1701 1492; baseline -0.001 -13"><span class='ocrx_word' id='word_1_62' title='bbox 317 1444 360 1479; x_wconf 90' lang='lat' dir='ltr'><strong><em>In</em></strong></span> <span class='ocrx_word' id='word_1_63' title='bbox 393 1444 476 1479; x_wconf 88' lang='lat' dir='ltr'>solo</span> <span class='ocrx_word' id='word_1_64' title='bbox 509 1453 672 1478; x_wconf 78' lang='lat' dir='ltr'>arenoso</span> <span class='ocrx_word' id='word_1_65' title='bbox 706 1447 742 1478; x_wconf 81' lang='lat' dir='ltr'><strong><em>et</em></strong></span> <span class='ocrx_word' id='word_1_66' title='bbox 772 1443 942 1477; x_wconf 82' lang='lat' dir='ltr'>calcareo</span> <span class='ocrx_word' id='word_1_67' title='bbox 963 1441 1156 1488; x_wconf 82' lang='lat' dir='ltr'>Hispaniae</span> <span class='ocrx_word' id='word_1_68' title='bbox 1175 1443 1353 1479; x_wconf 76' lang='lat' dir='ltr'><strong>australis</strong></span> <span class='ocrx_word' id='word_1_69' title='bbox 1380 1442 1474 1479; x_wconf 85' lang='lat' dir='ltr'><strong>satis</strong></span> <span class='ocrx_word' id='word_1_70' title='bbox 1506 1442 1701 1492; x_wconf 79' lang='lat' dir='ltr'><strong>frequens.</strong></span> 
     </span>
     <span class='ocr_line' id='line_1_15' title="bbox 208 1521 613 1572; baseline -0.012 -12"><span class='ocrx_word' id='word_1_71' title='bbox 208 1524 245 1560; x_wconf 87' lang='lat' dir='ltr'><strong><em>C.</em></strong></span> <span class='ocrx_word' id='word_1_72' title='bbox 280 1523 525 1572; x_wconf 78' lang='lat' dir='ltr'><em>endivioefolia</em></span> <span class='ocrx_word' id='word_1_73' title='bbox 556 1521 613 1556; x_wconf 87' lang='lat' dir='ltr'><strong><em>Fr.</em></strong></span> 
     </span>
     <span class='ocr_line' id='line_1_16' title="bbox 318 1601 1561 1648; baseline -0.001 -10"><span class='ocrx_word' id='word_1_74' title='bbox 318 1603 359 1638; x_wconf 90' lang='lat' dir='ltr'><strong><em>In</em></strong></span> <span class='ocrx_word' id='word_1_75' title='bbox 393 1601 531 1648; x_wconf 83' lang='lat' dir='ltr'><strong>pinetis</strong></span> <span class='ocrx_word' id='word_1_76' title='bbox 565 1602 648 1637; x_wconf 87' lang='lat' dir='ltr'>solo</span> <span class='ocrx_word' id='word_1_77' title='bbox 680 1611 844 1636; x_wconf 77' lang='lat' dir='ltr'>arenoso</span> <span class='ocrx_word' id='word_1_78' title='bbox 877 1601 923 1636; x_wconf 84' lang='lat' dir='ltr'><strong><em>ad</em></strong></span> <span class='ocrx_word' id='word_1_79' title='bbox 956 1611 1094 1648; x_wconf 84' lang='lat' dir='ltr'>pagum</span> <span class='ocrx_word' id='word_1_80' title='bbox 1128 1601 1307 1637; x_wconf 82' lang='lat' dir='ltr'>Chiclana</span> <span class='ocrx_word' id='word_1_81' title='bbox 1341 1602 1377 1637; x_wconf 89' lang='lat' dir='ltr'><strong><em>ss.</em></strong></span> <span class='ocrx_word' id='word_1_82' title='bbox 1414 1601 1561 1638; x_wconf 82' lang='lat' dir='ltr'><strong>Gadit.!</strong></span> 
     </span>
     <span class='ocr_line' id='line_1_17' title="bbox 208 1681 1165 1729; baseline -0.002 -10"><span class='ocrx_word' id='word_1_83' title='bbox 208 1683 245 1719; x_wconf 87' lang='lat' dir='ltr'><strong><em>C.</em></strong></span> <span class='ocrx_word' id='word_1_84' title='bbox 277 1683 429 1729; x_wconf 76' lang='lat' dir='ltr'><em>qracilis</em></span> <span class='ocrx_word' id='word_1_85' title='bbox 462 1682 538 1726; x_wconf 83' lang='lat' dir='ltr'>(L.)</span> <span class='ocrx_word' id='word_1_86' title='bbox 573 1681 629 1717; x_wconf 85' lang='lat' dir='ltr'><strong><em>Fr.</em></strong></span> <span class='ocrx_word' id='word_1_87' title='bbox 662 1693 742 1717; x_wconf 77' lang='lat' dir='ltr'><strong><em>var.</em></strong></span> <span class='ocrx_word' id='word_1_88' title='bbox 776 1683 990 1717; x_wconf 69' lang='lat' dir='ltr'><em>cervicornis</em></span> <span class='ocrx_word' id='word_1_89' title='bbox 1023 1681 1165 1726; x_wconf 84' lang='lat' dir='ltr'><strong>(Ach.).</strong></span> 
     </span>
     <span class='ocr_line' id='line_1_18' title="bbox 318 1760 1695 1807; baseline -0.001 -10"><span class='ocrx_word' id='word_1_90' title='bbox 318 1760 357 1798; x_wconf 85' lang='lat' dir='ltr'><strong><em>In</em></strong></span> <span class='ocrx_word' id='word_1_91' title='bbox 393 1760 543 1796; x_wconf 81' lang='lat' dir='ltr'><strong>ericetis</strong></span> <span class='ocrx_word' id='word_1_92' title='bbox 577 1760 659 1795; x_wconf 86' lang='lat' dir='ltr'>solo</span> <span class='ocrx_word' id='word_1_93' title='bbox 694 1760 874 1806; x_wconf 82' lang='lat' dir='ltr'>granitieo</span> <span class='ocrx_word' id='word_1_94' title='bbox 908 1761 954 1796; x_wconf 81' lang='lat' dir='ltr'><strong><em>ad</em></strong></span> <span class='ocrx_word' id='word_1_95' title='bbox 988 1760 1169 1807; x_wconf 83' lang='lat' dir='ltr'><strong>oppidum</strong></span> <span class='ocrx_word' id='word_1_96' title='bbox 1190 1761 1293 1807; x_wconf 85' lang='lat' dir='ltr'>Lugo</span> <span class='ocrx_word' id='word_1_97' title='bbox 1313 1766 1349 1797; x_wconf 85' lang='lat' dir='ltr'><strong><em>et</em></strong></span> <span class='ocrx_word' id='word_1_98' title='bbox 1380 1760 1414 1796; x_wconf 88' lang='lat' dir='ltr'><strong><em>in</em></strong></span> <span class='ocrx_word' id='word_1_99' title='bbox 1449 1766 1575 1797; x_wconf 78' lang='lat' dir='ltr'>monte</span> <span class='ocrx_word' id='word_1_100' title='bbox 1609 1761 1695 1797; x_wconf 82' lang='lat' dir='ltr'>Pico</span> 
     </span>
     <span class='ocr_line' id='line_1_19' title="bbox 375 1839 723 1887; baseline -0.006 -11"><span class='ocrx_word' id='word_1_101' title='bbox 375 1841 493 1887; x_wconf 83' lang='lat' dir='ltr'>Sagro</span> <span class='ocrx_word' id='word_1_102' title='bbox 528 1839 723 1875; x_wconf 81' lang='lat' dir='ltr'>Galleciae!</span> 
     </span>
     <span class='ocr_line' id='line_1_20' title="bbox 264 1919 646 1971; baseline -0.008 -13"><span class='ocrx_word' id='word_1_103' title='bbox 264 1947 291 1971; x_wconf 73' lang='lat'><strong><em>,7</em></strong></span> <span class='ocrx_word' id='word_1_104' title='bbox 351 1933 431 1957; x_wconf 82' lang='lat' dir='ltr'><em>var.</em></span> <span class='ocrx_word' id='word_1_105' title='bbox 463 1919 646 1966; x_wconf 73' lang='lat' dir='ltr'><em>elonyata.</em></span> 
     </span>
     <span class='ocr_line' id='line_1_21' title="bbox 318 1998 1335 2046; baseline -0.001 -11"><span class='ocrx_word' id='word_1_106' title='bbox 318 2000 359 2035; x_wconf 89' lang='lat' dir='ltr'><strong><em>In</em></strong></span> <span class='ocrx_word' id='word_1_107' title='bbox 393 1999 552 2046; x_wconf 86' lang='lat' dir='ltr'><strong>rupibus</strong></span> <span class='ocrx_word' id='word_1_108' title='bbox 585 1998 630 2034; x_wconf 83' lang='lat' dir='ltr'><strong><em>ad</em></strong></span> <span class='ocrx_word' id='word_1_109' title='bbox 664 1999 785 2034; x_wconf 88' lang='lat' dir='ltr'>lacum</span> <span class='ocrx_word' id='word_1_110' title='bbox 818 1998 991 2045; x_wconf 86' lang='lat' dir='ltr'><strong>Espingo</strong></span> <span class='ocrx_word' id='word_1_111' title='bbox 1024 1998 1158 2045; x_wconf 83' lang='lat' dir='ltr'><strong>Pyren.</strong></span> <span class='ocrx_word' id='word_1_112' title='bbox 1193 2001 1335 2036; x_wconf 63' lang='lat' dir='ltr'><strong>centn!</strong></span> 
     </span>
     <span class='ocr_line' id='line_1_22' title="bbox 262 2078 701 2130; baseline -0.005 -15"><span class='ocrx_word' id='word_1_113' title='bbox 262 2106 289 2130; x_wconf 69' lang='lat'><strong><em>7,</em></strong></span> <span class='ocrx_word' id='word_1_114' title='bbox 347 2091 428 2115; x_wconf 82' lang='lat' dir='ltr'><strong><em>var.</em></strong></span> <span class='ocrx_word' id='word_1_115' title='bbox 462 2091 592 2126; x_wconf 82' lang='lat' dir='ltr'><em>aspera</em></span> <span class='ocrx_word' id='word_1_116' title='bbox 624 2078 701 2113; x_wconf 82' lang='lat' dir='ltr'><strong>Flk.</strong></span> 
     </span>
     <span class='ocr_line' id='line_1_23' title="bbox 315 2157 1018 2203; baseline 0.001 -9"><span class='ocrx_word' id='word_1_117' title='bbox 315 2159 356 2194; x_wconf 90' lang='lat' dir='ltr'><strong><em>In</em></strong></span> <span class='ocrx_word' id='word_1_118' title='bbox 390 2162 518 2194; x_wconf 81' lang='lat' dir='ltr'>monte</span> <span class='ocrx_word' id='word_1_119' title='bbox 550 2157 637 2194; x_wconf 85' lang='lat' dir='ltr'>Pico</span> <span class='ocrx_word' id='word_1_120' title='bbox 672 2158 789 2203; x_wconf 78' lang='lat' dir='ltr'>Sagro</span> <span class='ocrx_word' id='word_1_121' title='bbox 824 2157 1018 2195; x_wconf 81' lang='lat' dir='ltr'>Galleciae!</span> 
     </span>
     <span class='ocr_line' id='line_1_24' title="bbox 1299 2237 1693 2283; baseline 0.003 -11"><span class='ocrx_word' id='word_1_122' title='bbox 1299 2238 1338 2272; x_wconf 88' lang='lat' dir='ltr'><strong><em>ln</em></strong></span> <span class='ocrx_word' id='word_1_123' title='bbox 1355 2237 1492 2283; x_wconf 81' lang='lat' dir='ltr'><strong>pinetis</strong></span> <span class='ocrx_word' id='word_1_124' title='bbox 1506 2237 1589 2273; x_wconf 79' lang='lat' dir='ltr'>solo</span> <span class='ocrx_word' id='word_1_125' title='bbox 1607 2249 1693 2273; x_wconf 76' lang='lat' dir='ltr'><strong>are-</strong></span> 
     </span>
    </p>
   </div>
   <div class='ocr_carea' id='block_1_8' title="bbox 205 2283 1695 2352">
    <p class='ocr_par' dir='ltr' id='par_1_8' title="bbox 205 2283 1695 2352">
     <span class='ocr_line' id='line_1_25' title="bbox 205 2283 1695 2352; baseline -0.004 -32"><span class='ocrx_word' id='word_1_126' title='bbox 205 2285 384 2321; x_wconf 75' lang='lat' dir='ltr'><em>Cladonia</em></span> <span class='ocrx_word' id='word_1_127' title='bbox 413 2285 563 2331; x_wconf 76' lang='lat' dir='ltr'><em>furcata</em></span> <span class='ocrx_word' id='word_1_128' title='bbox 594 2283 728 2319; x_wconf 83' lang='lat' dir='ltr'><strong><em>Schoer.</em></strong></span> <span class='ocrx_word' id='word_1_129' title='bbox 762 2295 841 2319; x_wconf 81' lang='lat' dir='ltr'><strong><em>var.</em></strong></span> <span class='ocrx_word' id='word_1_130' title='bbox 873 2286 1051 2320; x_wconf 76' lang='lat' dir='ltr'><em>muricata</em></span> <span class='ocrx_word' id='word_1_131' title='bbox 1084 2283 1216 2326; x_wconf 87' lang='lat' dir='ltr'><strong>(Del.).</strong></span> <span class='ocrx_word' id='word_1_132' title='bbox 1325 2327 1421 2352; x_wconf 70' lang='lat' dir='ltr'>noso</span> <span class='ocrx_word' id='word_1_133' title='bbox 1448 2317 1494 2351; x_wconf 64' lang='lat' dir='ltr'><strong><em>ad</em></strong></span> <span class='ocrx_word' id='word_1_134' title='bbox 1515 2316 1695 2352; x_wconf 67' lang='lat' dir='ltr'>Chiclana</span> 
     </span>
    </p>
   </div>
   <div class='ocr_carea' id='block_1_9' title="bbox 205 2362 1686 2762">
    <p class='ocr_par' dir='ltr' id='par_1_9' title="bbox 205 2362 1686 2762">
     <span class='ocr_line' id='line_1_26' title="bbox 260 2362 1534 2441; baseline -0.002 -43"><span class='ocrx_word' id='word_1_135' title='bbox 260 2388 287 2411; x_wconf 69' lang='lat'><strong><em>7,</em></strong></span> <span class='ocrx_word' id='word_1_136' title='bbox 346 2375 425 2399; x_wconf 81' lang='lat' dir='ltr'><em>var.</em></span> <span class='ocrx_word' id='word_1_137' title='bbox 459 2364 630 2409; x_wconf 75' lang='lat' dir='ltr'><em>spadicea</em></span> <span class='ocrx_word' id='word_1_138' title='bbox 663 2362 804 2406; x_wconf 49' lang='lat' dir='ltr'>(Aen).</span> <span class='ocrx_word' id='word_1_139' title='bbox 1325 2395 1347 2430; x_wconf 85' lang='lat' dir='ltr'>ss</span> <span class='ocrx_word' id='word_1_140' title='bbox 1395 2395 1498 2441; x_wconf 48' lang='grc' dir='ltr'><strong><em>ἐδάη</em></strong></span> <span class='ocrx_word' id='word_1_141' title='bbox 1526 2392 1534 2419; x_wconf 58' lang='grc'>,</span> 
     </span>
     <span class='ocr_line' id='line_1_27' title="bbox 260 2475 710 2526; baseline -0.004 -14"><span class='ocrx_word' id='word_1_142' title='bbox 260 2503 285 2526; x_wconf 66' lang='grc'><strong><em>,,</em></strong></span> <span class='ocrx_word' id='word_1_143' title='bbox 344 2489 424 2514; x_wconf 87' lang='lat' dir='ltr'><strong><em>var.</em></strong></span> <span class='ocrx_word' id='word_1_144' title='bbox 451 2487 619 2524; x_wconf 72' lang='lat' dir='ltr'><em>punyens</em></span> <span class='ocrx_word' id='word_1_145' title='bbox 652 2475 710 2510; x_wconf 80' lang='lat' dir='ltr'><strong><em>Fr.</em></strong></span> 
     </span>
     <span class='ocr_line' id='line_1_28' title="bbox 316 2553 1686 2601; baseline -0.001 -10"><span class='ocrx_word' id='word_1_146' title='bbox 316 2556 356 2591; x_wconf 84' lang='grc' dir='ltr'><strong><em>1η</em></strong></span> <span class='ocrx_word' id='word_1_147' title='bbox 390 2555 540 2591; x_wconf 80' lang='lat' dir='ltr'>erieetis</span> <span class='ocrx_word' id='word_1_148' title='bbox 574 2554 762 2591; x_wconf 75' lang='lat' dir='ltr'>montanis</span> <span class='ocrx_word' id='word_1_149' title='bbox 797 2554 843 2589; x_wconf 83' lang='lat' dir='ltr'><strong><em>ad</em></strong></span> <span class='ocrx_word' id='word_1_150' title='bbox 862 2553 1088 2590; x_wconf 74' lang='lat' dir='ltr'>Villafranca</span> <span class='ocrx_word' id='word_1_151' title='bbox 1108 2555 1168 2591; x_wconf 85' lang='lat' dir='ltr'><strong><em>del</em></strong></span> <span class='ocrx_word' id='word_1_152' title='bbox 1196 2555 1351 2601; x_wconf 77' lang='lat' dir='ltr'>Vierzo3</span> <span class='ocrx_word' id='word_1_153' title='bbox 1384 2555 1419 2591; x_wconf 86' lang='lat' dir='ltr'><strong><em>in</em></strong></span> <span class='ocrx_word' id='word_1_154' title='bbox 1440 2559 1566 2591; x_wconf 81' lang='lat' dir='ltr'><strong>monte</strong></span> <span class='ocrx_word' id='word_1_155' title='bbox 1589 2555 1686 2592; x_wconf 72' lang='lat' dir='ltr'><strong>Pcfia</strong></span> 
     </span>
     <span class='ocr_line' id='line_1_29' title="bbox 371 2633 886 2680; baseline -0.004 -9"><span class='ocrx_word' id='word_1_156' title='bbox 371 2635 528 2671; x_wconf 85' lang='lat' dir='ltr'>Castillo</span> <span class='ocrx_word' id='word_1_157' title='bbox 563 2646 606 2680; x_wconf 85' lang='lat' dir='ltr'><strong><em>pr</em></strong></span> <span class='ocrx_word' id='word_1_158' title='bbox 653 2633 886 2669; x_wconf 79' lang='lat' dir='ltr'><strong>Santander!</strong></span> 
     </span>
     <span class='ocr_line' id='line_1_30' title="bbox 205 2712 784 2762; baseline -0.005 -12"><span class='ocrx_word' id='word_1_159' title='bbox 205 2715 242 2750; x_wconf 88' lang='lat' dir='ltr'><strong><em>C.</em></strong></span> <span class='ocrx_word' id='word_1_160' title='bbox 275 2717 504 2762; x_wconf 69' lang='lat' dir='ltr'><strong><em>ravtyiferz&#39;na</em></strong></span> <span class='ocrx_word' id='word_1_161' title='bbox 535 2714 610 2758; x_wconf 81' lang='lat' dir='ltr'>(L.)</span> <span class='ocrx_word' id='word_1_162' title='bbox 644 2712 784 2748; x_wconf 84' lang='lat' dir='ltr'><strong>Hoffm.</strong></span> 
     </span>
    </p>
   </div>
   <div class='ocr_carea' id='block_1_10' title="bbox 314 2792 1396 2839">
    <p class='ocr_par' dir='ltr' id='par_1_10' title="bbox 314 2792 1396 2839">
     <span class='ocr_line' id='line_1_31' title="bbox 314 2792 1396 2839; baseline -0.001 -10"><span class='ocrx_word' id='word_1_163' title='bbox 314 2794 353 2829; x_wconf 90' lang='lat' dir='ltr'><strong><em>In</em></strong></span> <span class='ocrx_word' id='word_1_164' title='bbox 388 2793 535 2829; x_wconf 79' lang='lat' dir='ltr'><strong>ericetis</strong></span> <span class='ocrx_word' id='word_1_165' title='bbox 568 2793 614 2828; x_wconf 80' lang='lat' dir='ltr'><strong><em>ad</em></strong></span> <span class='ocrx_word' id='word_1_166' title='bbox 647 2792 829 2839; x_wconf 86' lang='lat' dir='ltr'>oppidum</span> <span class='ocrx_word' id='word_1_167' title='bbox 863 2792 966 2838; x_wconf 85' lang='lat' dir='ltr'>Lugo</span> <span class='ocrx_word' id='word_1_168' title='bbox 999 2792 1165 2839; x_wconf 81' lang='lat' dir='ltr'>alibique</span> <span class='ocrx_word' id='word_1_169' title='bbox 1199 2792 1396 2828; x_wconf 73' lang='lat' dir='ltr'>Galleeiaez</span> 
     </span>
    </p>
   </div>
  </div>
 </body>
</html>
