<?xml version="1.0" encoding="UTF-8"?>
<!DOCTYPE html PUBLIC "-//W3C//DTD XHTML 1.0 Transitional//EN"
    "http://www.w3.org/TR/xhtml1/DTD/xhtml1-transitional.dtd">
<html xmlns="http://www.w3.org/1999/xhtml" xml:lang="en" lang="en">
 <head>
  <title>
</title>
<meta http-equiv="Content-Type" content="text/html;charset=utf-8" />
  <meta name='ocr-system' content='tesseract 3.04.00' />
  <meta name='ocr-capabilities' content='ocr_page ocr_carea ocr_par ocr_line ocrx_word'/>
</head>
<body>
  <div class='ocr_page' id='page_1' title='image "./pugillusplantaru1860lang_0030.png"; bbox 0 0 1929 3277; ppageno 0'>
   <div class='ocr_carea' id='block_1_1' title="bbox 1012 154 1067 192">
    <p class='ocr_par' dir='ltr' id='par_1_1' title="bbox 1012 154 1067 192">
     <span class='ocr_line' id='line_1_1' title="bbox 1012 154 1067 192; baseline -0.036 0"><span class='ocrx_word' id='word_1_1' title='bbox 1012 154 1067 192; x_wconf 74' lang='lat'><strong>24</strong></span> 
     </span>
    </p>
   </div>
   <div class='ocr_carea' id='block_1_2' title="bbox 291 288 1794 493">
    <p class='ocr_par' dir='ltr' id='par_1_2' title="bbox 291 288 1794 493">
     <span class='ocr_line' id='line_1_2' title="bbox 824 288 1259 327; baseline 0 -2"><span class='ocrx_word' id='word_1_2' title='bbox 824 288 862 326; x_wconf 69' lang='grc'><strong>2.</strong></span> <span class='ocrx_word' id='word_1_3' title='bbox 915 292 1259 327; x_wconf 76' lang='lat' dir='ltr'><strong>Osmundaceae.</strong></span> 
     </span>
     <span class='ocr_line' id='line_1_3' title="bbox 291 369 716 415; baseline -0.009 -7"><span class='ocrx_word' id='word_1_4' title='bbox 291 372 478 409; x_wconf 77' lang='lat' dir='ltr'><strong>osmunda</strong></span> <span class='ocrx_word' id='word_1_5' title='bbox 508 370 644 415; x_wconf 71' lang='lat' dir='ltr'><strong>reqalis</strong></span> <span class='ocrx_word' id='word_1_6' title='bbox 675 369 716 404; x_wconf 90' lang='lat' dir='ltr'><strong>L.</strong></span> 
     </span>
     <span class='ocr_line' id='line_1_4' title="bbox 400 444 1794 493; baseline 0 -10"><span class='ocrx_word' id='word_1_7' title='bbox 400 449 441 483; x_wconf 94' lang='lat' dir='ltr'><strong>In</strong></span> <span class='ocrx_word' id='word_1_8' title='bbox 477 447 677 483; x_wconf 81' lang='lat' dir='ltr'>Cantabria</span> <span class='ocrx_word' id='word_1_9' title='bbox 711 446 805 482; x_wconf 88' lang='lat' dir='ltr'><strong>satis</strong></span> <span class='ocrx_word' id='word_1_10' title='bbox 838 446 1042 493; x_wconf 66' lang='lat' dir='ltr'><strong>frequensg</strong></span> <span class='ocrx_word' id='word_1_11' title='bbox 1076 446 1113 480; x_wconf 92' lang='lat' dir='ltr'><strong>in</strong></span> <span class='ocrx_word' id='word_1_12' title='bbox 1148 444 1316 481; x_wconf 83' lang='lat' dir='ltr'><strong>Gallecia</strong></span> <span class='ocrx_word' id='word_1_13' title='bbox 1348 445 1395 480; x_wconf 83' lang='lat' dir='ltr'><strong>ad</strong></span> <span class='ocrx_word' id='word_1_14' title='bbox 1439 445 1588 483; x_wconf 74' lang='lat' dir='ltr'><strong>Corufia</strong></span> <span class='ocrx_word' id='word_1_15' title='bbox 1623 451 1660 482; x_wconf 84' lang='lat' dir='ltr'><strong>et</strong></span> <span class='ocrx_word' id='word_1_16' title='bbox 1691 447 1794 485; x_wconf 86' lang='lat' dir='ltr'><strong>num.</strong></span> 
     </span>
    </p>
   </div>
   <div class='ocr_carea' id='block_1_3' title="bbox 455 524 1292 572">
    <p class='ocr_par' dir='ltr' id='par_1_3' title="bbox 455 524 1292 572">
     <span class='ocr_line' id='line_1_5' title="bbox 455 524 1292 572; baseline -0.002 -11"><span class='ocrx_word' id='word_1_17' title='bbox 455 527 538 562; x_wconf 77' lang='lat' dir='ltr'><strong>Ulla</strong></span> <span class='ocrx_word' id='word_1_18' title='bbox 571 537 691 572; x_wconf 85' lang='lat' dir='ltr'>prope</span> <span class='ocrx_word' id='word_1_19' title='bbox 725 525 903 571; x_wconf 81' lang='lat' dir='ltr'><strong>Santiago</strong></span> <span class='ocrx_word' id='word_1_20' title='bbox 938 525 984 560; x_wconf 81' lang='lat' dir='ltr'><strong>de</strong></span> <span class='ocrx_word' id='word_1_21' title='bbox 1019 524 1292 570; x_wconf 85' lang='lat' dir='ltr'><strong>Compostela!</strong></span> 
     </span>
    </p>
   </div>
   <div class='ocr_carea' id='block_1_4' title="bbox 801 659 1272 707">
    <p class='ocr_par' dir='ltr' id='par_1_4' title="bbox 801 659 1272 707">
     <span class='ocr_line' id='line_1_6' title="bbox 801 659 1272 707; baseline -0.004 -10"><span class='ocrx_word' id='word_1_22' title='bbox 801 659 839 697; x_wconf 87' lang='lat'><strong>3.</strong></span> <span class='ocrx_word' id='word_1_23' title='bbox 902 660 1272 707; x_wconf 73' lang='lat' dir='ltr'><strong>Ophioqlosseae.</strong></span> 
     </span>
    </p>
   </div>
   <div class='ocr_carea' id='block_1_5' title="bbox 286 762 1790 1049">
    <p class='ocr_par' dir='ltr' id='par_1_5' title="bbox 286 762 1790 1049">
     <span class='ocr_line' id='line_1_7' title="bbox 288 762 916 812; baseline -0.01 -10"><span class='ocrx_word' id='word_1_24' title='bbox 288 765 576 812; x_wconf 59' lang='lat' dir='ltr'><strong>ophioglossum</strong></span> <span class='ocrx_word' id='word_1_25' title='bbox 611 762 843 799; x_wconf 75' lang='lat' dir='ltr'><strong>lusitanicum</strong></span> <span class='ocrx_word' id='word_1_26' title='bbox 879 763 916 797; x_wconf 88' lang='lat' dir='ltr'><strong>L.</strong></span> 
     </span>
     <span class='ocr_line' id='line_1_8' title="bbox 396 840 1790 888; baseline 0 -10"><span class='ocrx_word' id='word_1_27' title='bbox 396 844 439 879; x_wconf 86' lang='lat' dir='ltr'><strong>In</strong></span> <span class='ocrx_word' id='word_1_28' title='bbox 473 842 668 878; x_wconf 78' lang='lat' dir='ltr'><strong>montibus</strong></span> <span class='ocrx_word' id='word_1_29' title='bbox 686 841 869 878; x_wconf 80' lang='lat' dir='ltr'><strong>Marianis</strong></span> <span class='ocrx_word' id='word_1_30' title='bbox 903 852 1023 888; x_wconf 82' lang='lat' dir='ltr'>prope</span> <span class='ocrx_word' id='word_1_31' title='bbox 1058 840 1251 886; x_wconf 74' lang='lat' dir='ltr'><strong>Cordoha,</strong></span> <span class='ocrx_word' id='word_1_32' title='bbox 1284 841 1369 876; x_wconf 86' lang='lat' dir='ltr'><strong>loeo</strong></span> <span class='ocrx_word' id='word_1_33' title='bbox 1403 840 1505 876; x_wconf 80' lang='lat' dir='ltr'><strong>dicto</strong></span> <span class='ocrx_word' id='word_1_34' title='bbox 1537 841 1571 876; x_wconf 91' lang='grc'>13</span> <span class='ocrx_word' id='word_1_35' title='bbox 1606 841 1790 888; x_wconf 83' lang='lat' dir='ltr'><strong>Albayda.</strong></span> 
     </span>
     <span class='ocr_line' id='line_1_9' title="bbox 454 922 876 968; baseline -0.005 -9"><span class='ocrx_word' id='word_1_36' title='bbox 454 923 581 968; x_wconf 82' lang='lat' dir='ltr'><strong>(Mart.</strong></span> <span class='ocrx_word' id='word_1_37' title='bbox 615 934 646 959; x_wconf 86' lang='lat' dir='ltr'><strong>c.</strong></span> <span class='ocrx_word' id='word_1_38' title='bbox 679 922 724 957; x_wconf 86' lang='lat' dir='ltr'><strong>fr.</strong></span> <span class='ocrx_word' id='word_1_39' title='bbox 754 922 876 968; x_wconf 83' lang='lat' dir='ltr'><strong>jun.)!</strong></span> 
     </span>
     <span class='ocr_line' id='line_1_10' title="bbox 286 1001 622 1049; baseline -0.009 -9"><span class='ocrx_word' id='word_1_40' title='bbox 286 1003 330 1042; x_wconf 91' lang='lat' dir='ltr'><strong>O.</strong></span> <span class='ocrx_word' id='word_1_41' title='bbox 362 1001 550 1049; x_wconf 67' lang='lat' dir='ltr'><strong>vulgatum</strong></span> <span class='ocrx_word' id='word_1_42' title='bbox 584 1002 622 1037; x_wconf 91' lang='lat' dir='ltr'><strong>L.</strong></span> 
     </span>
    </p>
   </div>
   <div class='ocr_carea' id='block_1_6' title="bbox 397 1079 1034 1127">
    <p class='ocr_par' dir='ltr' id='par_1_6' title="bbox 397 1079 1034 1127">
     <span class='ocr_line' id='line_1_11' title="bbox 397 1079 1034 1127; baseline -0.002 -9"><span class='ocrx_word' id='word_1_43' title='bbox 397 1082 586 1127; x_wconf 77' lang='lat' dir='ltr'><strong>Burguete</strong></span> <span class='ocrx_word' id='word_1_44' title='bbox 617 1081 653 1116; x_wconf 90' lang='lat' dir='ltr'><strong>in</strong></span> <span class='ocrx_word' id='word_1_45' title='bbox 687 1081 851 1116; x_wconf 83' lang='lat' dir='ltr'><strong>Navarra</strong></span> <span class='ocrx_word' id='word_1_46' title='bbox 885 1079 1034 1126; x_wconf 62' lang='lat' dir='ltr'><strong>(Noe.)!</strong></span> 
     </span>
    </p>
   </div>
   <div class='ocr_carea' id='block_1_7' title="bbox 357 1234 1718 1490">
    <p class='ocr_par' dir='ltr' id='par_1_7' title="bbox 357 1234 1718 1490">
     <span class='ocr_line' id='line_1_12' title="bbox 730 1234 1342 1288; baseline -0.003 -11"><span class='ocrx_word' id='word_1_47' title='bbox 730 1237 780 1277; x_wconf 87' lang='grc' dir='ltr'><strong>Β.</strong></span> <span class='ocrx_word' id='word_1_48' title='bbox 841 1234 1342 1288; x_wconf 82' lang='lat' dir='ltr'><strong>Monocotyledoneae.</strong></span> 
     </span>
     <span class='ocr_line' id='line_1_13' title="bbox 885 1337 1189 1378; baseline 0 -1"><span class='ocrx_word' id='word_1_49' title='bbox 885 1338 912 1377; x_wconf 94' lang='lat' dir='ltr'><strong>l.</strong></span> <span class='ocrx_word' id='word_1_50' title='bbox 972 1337 1189 1378; x_wconf 79' lang='lat' dir='ltr'><strong>Gramineae.</strong></span> 
     </span>
     <span class='ocr_line' id='line_1_14' title="bbox 357 1442 1718 1490; baseline -0.001 -9"><span class='ocrx_word' id='word_1_51' title='bbox 357 1443 392 1482; x_wconf 87' lang='lat'><strong>1.</strong></span> <span class='ocrx_word' id='word_1_52' title='bbox 425 1444 586 1490; x_wconf 71' lang='lat' dir='ltr'><strong><em>Lyyeae</em></strong></span> <span class='ocrx_word' id='word_1_53' title='bbox 618 1445 729 1488; x_wconf 86' lang='lat' dir='ltr'><strong>(sect.</strong></span> <span class='ocrx_word' id='word_1_54' title='bbox 756 1442 1070 1478; x_wconf 80' lang='lat' dir='ltr'><strong>Phalaridearum</strong></span> <span class='ocrx_word' id='word_1_55' title='bbox 1104 1442 1220 1481; x_wconf 84' lang='lat' dir='ltr'><strong>Coss.</strong></span> <span class='ocrx_word' id='word_1_56' title='bbox 1249 1442 1282 1481; x_wconf 61' lang='lat' dir='ltr'><strong>Ge</strong></span> <span class='ocrx_word' id='word_1_57' title='bbox 1314 1443 1393 1479; x_wconf 90' lang='lat' dir='ltr'><strong>DR.</strong></span> <span class='ocrx_word' id='word_1_58' title='bbox 1427 1443 1528 1490; x_wconf 81' lang='lat' dir='ltr'><strong>expl.</strong></span> <span class='ocrx_word' id='word_1_59' title='bbox 1564 1443 1718 1488; x_wconf 77' lang='lat' dir='ltr'><strong>d’Alg.).</strong></span> 
     </span>
    </p>
   </div>
   <div class='ocr_carea' id='block_1_8' title="bbox 288 1544 1791 1989">
    <p class='ocr_par' dir='ltr' id='par_1_8' title="bbox 288 1544 1791 1989">
     <span class='ocr_line' id='line_1_15' title="bbox 289 1544 1791 1594; baseline -0.002 -11"><span class='ocrx_word' id='word_1_60' title='bbox 289 1548 441 1594; x_wconf 70' lang='lat' dir='ltr'><strong>Lyqeum</strong></span> <span class='ocrx_word' id='word_1_61' title='bbox 472 1548 644 1593; x_wconf 72' lang='lat' dir='ltr'><strong>Spanum</strong></span> <span class='ocrx_word' id='word_1_62' title='bbox 676 1545 811 1583; x_wconf 85' lang='lat' dir='ltr'><strong>Loeffl.</strong></span> <span class='ocrx_word' id='word_1_63' title='bbox 852 1545 892 1584; x_wconf 87' lang='lat' dir='ltr'><strong>it.</strong></span> <span class='ocrx_word' id='word_1_64' title='bbox 935 1545 1035 1592; x_wconf 80' lang='lat' dir='ltr'><strong>hisp,</strong></span> <span class='ocrx_word' id='word_1_65' title='bbox 1075 1556 1111 1591; x_wconf 90' lang='lat' dir='ltr'><strong>p.</strong></span> <span class='ocrx_word' id='word_1_66' title='bbox 1151 1544 1247 1594; x_wconf 65' lang='lat'>2857</span> <span class='ocrx_word' id='word_1_67' title='bbox 1282 1545 1358 1580; x_wconf 82' lang='lat' dir='ltr'><strong>tab.</strong></span> <span class='ocrx_word' id='word_1_68' title='bbox 1390 1544 1428 1584; x_wconf 77' lang='lat'><strong>2.</strong></span> <span class='ocrx_word' id='word_1_69' title='bbox 1463 1545 1647 1592; x_wconf 81' lang='lat' dir='ltr'><strong>(Esparto</strong></span> <span class='ocrx_word' id='word_1_70' title='bbox 1681 1544 1791 1580; x_wconf 87' lang='lat' dir='ltr'><strong>basto</strong></span> 
     </span>
     <span class='ocr_line' id='line_1_16' title="bbox 396 1625 543 1672; baseline 0 -11"><span class='ocrx_word' id='word_1_71' title='bbox 396 1625 543 1672; x_wconf 86' lang='lat' dir='ltr'><strong>Hisp.).</strong></span> 
     </span>
     <span class='ocr_line' id='line_1_17' title="bbox 398 1702 1791 1752; baseline 0 -13"><span class='ocrx_word' id='word_1_72' title='bbox 398 1705 440 1739; x_wconf 92' lang='lat' dir='ltr'><strong>In</strong></span> <span class='ocrx_word' id='word_1_73' title='bbox 474 1704 634 1750; x_wconf 84' lang='lat' dir='ltr'>rupibus</span> <span class='ocrx_word' id='word_1_74' title='bbox 668 1704 842 1750; x_wconf 83' lang='lat' dir='ltr'><strong>locisque</strong></span> <span class='ocrx_word' id='word_1_75' title='bbox 875 1703 1087 1752; x_wconf 72' lang='lat' dir='ltr'><strong>sterilibus,</strong></span> <span class='ocrx_word' id='word_1_76' title='bbox 1123 1703 1332 1749; x_wconf 81' lang='lat' dir='ltr'><strong>praesertim</strong></span> <span class='ocrx_word' id='word_1_77' title='bbox 1356 1703 1639 1749; x_wconf 83' lang='lat' dir='ltr'><strong>salsuginosis:</strong></span> <span class='ocrx_word' id='word_1_78' title='bbox 1675 1702 1791 1739; x_wconf 83' lang='lat' dir='ltr'><strong>Cien-</strong></span> 
     </span>
     <span class='ocr_line' id='line_1_18' title="bbox 457 1782 1791 1830; baseline -0.001 -11"><span class='ocrx_word' id='word_1_79' title='bbox 457 1784 642 1830; x_wconf 86' lang='lat' dir='ltr'><strong>pozuelos</strong></span> <span class='ocrx_word' id='word_1_80' title='bbox 675 1783 712 1819; x_wconf 86' lang='lat' dir='ltr'><strong>ss.</strong></span> <span class='ocrx_word' id='word_1_81' title='bbox 745 1783 885 1820; x_wconf 85' lang='lat' dir='ltr'><strong>Matrit.</strong></span> <span class='ocrx_word' id='word_1_82' title='bbox 920 1783 1022 1830; x_wconf 83' lang='lat' dir='ltr'><strong>(loco</strong></span> <span class='ocrx_word' id='word_1_83' title='bbox 1055 1782 1235 1829; x_wconf 82' lang='lat' dir='ltr'><strong>primario</strong></span> <span class='ocrx_word' id='word_1_84' title='bbox 1255 1783 1571 1830; x_wconf 77' lang='lat' dir='ltr'><strong>Loefssingiano)!</strong></span> <span class='ocrx_word' id='word_1_85' title='bbox 1607 1782 1710 1819; x_wconf 87' lang='lat' dir='ltr'><strong>Cabo</strong></span> <span class='ocrx_word' id='word_1_86' title='bbox 1744 1783 1791 1818; x_wconf 85' lang='lat' dir='ltr'><strong>de</strong></span> 
     </span>
     <span class='ocr_line' id='line_1_19' title="bbox 454 1862 784 1912; baseline -0.006 -13"><span class='ocrx_word' id='word_1_87' title='bbox 454 1863 563 1912; x_wconf 68' lang='lat' dir='ltr'><strong>Gata,</strong></span> <span class='ocrx_word' id='word_1_88' title='bbox 597 1862 784 1898; x_wconf 82' lang='lat' dir='ltr'><strong>Almeria!</strong></span> 
     </span>
     <span class='ocr_line' id='line_1_20' title="bbox 288 1941 1791 1989; baseline -0.001 -10"><span class='ocrx_word' id='word_1_89' title='bbox 288 1943 402 1980; x_wconf 78' lang='lat' dir='ltr'><strong>obs.</strong></span> <span class='ocrx_word' id='word_1_90' title='bbox 443 1942 607 1978; x_wconf 80' lang='lat' dir='ltr'>Gramen</span> <span class='ocrx_word' id='word_1_91' title='bbox 641 1943 842 1989; x_wconf 83' lang='lat' dir='ltr'><strong>pulchrum</strong></span> <span class='ocrx_word' id='word_1_92' title='bbox 878 1946 913 1978; x_wconf 85' lang='lat' dir='ltr'><strong>et</strong></span> <span class='ocrx_word' id='word_1_93' title='bbox 946 1941 1140 1986; x_wconf 82' lang='lat' dir='ltr'><strong>singulare</strong></span> <span class='ocrx_word' id='word_1_94' title='bbox 1173 1947 1275 1976; x_wconf 83' lang='lat' dir='ltr'><strong>certe</strong></span> <span class='ocrx_word' id='word_1_95' title='bbox 1310 1942 1357 1977; x_wconf 85' lang='lat' dir='ltr'><strong>ob</strong></span> <span class='ocrx_word' id='word_1_96' title='bbox 1391 1942 1526 1977; x_wconf 86' lang='lat' dir='ltr'><strong>florum</strong></span> <span class='ocrx_word' id='word_1_97' title='bbox 1560 1945 1791 1977; x_wconf 82' lang='lat' dir='ltr'><strong>structuram</strong></span> 
     </span>
    </p>
   </div>
   <div class='ocr_carea' id='block_1_9' title="bbox 343 2020 1790 2138">
    <p class='ocr_par' dir='ltr' id='par_1_9' title="bbox 343 2020 1790 2138">
     <span class='ocr_line' id='line_1_21' title="bbox 343 2020 1790 2072; baseline -0.001 -14"><span class='ocrx_word' id='word_1_98' title='bbox 343 2022 478 2058; x_wconf 78' lang='lat' dir='ltr'><strong>tribum</strong></span> <span class='ocrx_word' id='word_1_99' title='bbox 534 2022 750 2072; x_wconf 76' lang='lat' dir='ltr'><strong>propriam,</strong></span> <span class='ocrx_word' id='word_1_100' title='bbox 812 2033 829 2056; x_wconf 93' lang='lat' dir='ltr'><strong>a</strong></span> <span class='ocrx_word' id='word_1_101' title='bbox 886 2020 1123 2056; x_wconf 79' lang='lat' dir='ltr'><strong>Phalarideis</strong></span> <span class='ocrx_word' id='word_1_102' title='bbox 1181 2021 1336 2056; x_wconf 91' lang='lat' dir='ltr'><strong>omnino</strong></span> <span class='ocrx_word' id='word_1_103' title='bbox 1383 2021 1569 2072; x_wconf 71' lang='lat' dir='ltr'><strong>alienam,</strong></span> <span class='ocrx_word' id='word_1_104' title='bbox 1627 2021 1790 2057; x_wconf 84' lang='lat' dir='ltr'><strong>formare</strong></span> 
     </span>
     <span class='ocr_line' id='line_1_22' title="bbox 345 2103 471 2138; baseline 0.008 -1"><span class='ocrx_word' id='word_1_105' title='bbox 345 2103 471 2138; x_wconf 53' lang='lat' dir='ltr'><strong>debeb</strong></span> 
     </span>
    </p>
   </div>
   <div class='ocr_carea' id='block_1_10' title="bbox 288 2191 1792 2872">
    <p class='ocr_par' dir='ltr' id='par_1_10' title="bbox 775 2191 1301 2229">
     <span class='ocr_line' id='line_1_23' title="bbox 775 2191 1301 2229; baseline -0.002 0"><span class='ocrx_word' id='word_1_106' title='bbox 775 2191 814 2229; x_wconf 75' lang='grc'><strong>2.</strong></span> <span class='ocrx_word' id='word_1_107' title='bbox 875 2191 1180 2229; x_wconf 80' lang='lat' dir='ltr'><strong>Phalarideoe</strong></span> <span class='ocrx_word' id='word_1_108' title='bbox 1211 2192 1301 2228; x_wconf 71' lang='grc' dir='ltr'>ΚΗ).</span> 
     </span>
    </p>

    <p class='ocr_par' dir='ltr' id='par_1_11' title="bbox 288 2269 1540 2317">
     <span class='ocr_line' id='line_1_24' title="bbox 288 2269 1540 2317; baseline 0 -8"><span class='ocrx_word' id='word_1_109' title='bbox 288 2273 433 2309; x_wconf 74' lang='lat' dir='ltr'><strong>Mibora</strong></span> <span class='ocrx_word' id='word_1_110' title='bbox 463 2274 612 2308; x_wconf 80' lang='lat' dir='ltr'><strong>minima</strong></span> <span class='ocrx_word' id='word_1_111' title='bbox 644 2271 717 2316; x_wconf 82' lang='lat' dir='ltr'><strong>(L.)</strong></span> <span class='ocrx_word' id='word_1_112' title='bbox 752 2270 864 2306; x_wconf 80' lang='lat' dir='ltr'><strong>Coss.</strong></span> <span class='ocrx_word' id='word_1_113' title='bbox 899 2271 932 2308; x_wconf 58' lang='lat' dir='ltr'><strong>&amp;c</strong></span> <span class='ocrx_word' id='word_1_114' title='bbox 964 2270 1091 2306; x_wconf 87' lang='lat' dir='ltr'><strong>Germ.</strong></span> <span class='ocrx_word' id='word_1_115' title='bbox 1127 2272 1235 2317; x_wconf 86' lang='lat' dir='ltr'><strong>(Lge.</strong></span> <span class='ocrx_word' id='word_1_116' title='bbox 1271 2282 1353 2306; x_wconf 81' lang='lat' dir='ltr'><strong>exs.</strong></span> <span class='ocrx_word' id='word_1_117' title='bbox 1388 2282 1424 2308; x_wconf 87' lang='lat' dir='ltr'><strong>n.</strong></span> <span class='ocrx_word' id='word_1_118' title='bbox 1457 2269 1540 2316; x_wconf 76' lang='grc'><strong>37).</strong></span> 
     </span>
    </p>

    <p class='ocr_par' dir='ltr' id='par_1_12' title="bbox 399 2350 1790 2479">
     <span class='ocr_line' id='line_1_25' title="bbox 399 2350 1790 2398; baseline 0 -12"><span class='ocrx_word' id='word_1_119' title='bbox 399 2351 441 2386; x_wconf 94' lang='lat' dir='ltr'><strong>In</strong></span> <span class='ocrx_word' id='word_1_120' title='bbox 482 2351 677 2386; x_wconf 83' lang='lat' dir='ltr'><strong>montibus</strong></span> <span class='ocrx_word' id='word_1_121' title='bbox 721 2350 947 2396; x_wconf 76' lang='lat' dir='ltr'><strong>carpetanis</strong></span> <span class='ocrx_word' id='word_1_122' title='bbox 996 2351 1040 2385; x_wconf 87' lang='lat' dir='ltr'><strong>ad</strong></span> <span class='ocrx_word' id='word_1_123' title='bbox 1086 2361 1224 2397; x_wconf 84' lang='lat' dir='ltr'><strong>pagum</strong></span> <span class='ocrx_word' id='word_1_124' title='bbox 1267 2350 1550 2396; x_wconf 75' lang='lat' dir='ltr'><strong>Guadarrama3</strong></span> <span class='ocrx_word' id='word_1_125' title='bbox 1600 2350 1790 2398; x_wconf 87' lang='lat' dir='ltr'><strong>Granada‚</strong></span> 
     </span>
     <span class='ocr_line' id='line_1_26' title="bbox 456 2429 1367 2479; baseline -0.001 -14"><span class='ocrx_word' id='word_1_126' title='bbox 456 2430 650 2479; x_wconf 78' lang='lat' dir='ltr'><strong>Cordoba⁷</strong></span> <span class='ocrx_word' id='word_1_127' title='bbox 686 2430 807 2465; x_wconf 83' lang='lat' dir='ltr'><strong>Venta</strong></span> <span class='ocrx_word' id='word_1_128' title='bbox 841 2431 872 2464; x_wconf 90' lang='grc'>13</span> <span class='ocrx_word' id='word_1_129' title='bbox 907 2430 1134 2477; x_wconf 77' lang='lat' dir='ltr'><strong>Portugesa7</strong></span> <span class='ocrx_word' id='word_1_130' title='bbox 1170 2429 1367 2465; x_wconf 83' lang='lat' dir='ltr'><strong>Chiclana!</strong></span> 
     </span>
    </p>

    <p class='ocr_par' dir='ltr' id='par_1_13' title="bbox 288 2507 1792 2872">
     <span class='ocr_line' id='line_1_27' title="bbox 288 2507 1789 2560; baseline -0.002 -13"><span class='ocrx_word' id='word_1_131' title='bbox 288 2510 339 2547; x_wconf 91' lang='lat' dir='ltr'><strong>M.</strong></span> <span class='ocrx_word' id='word_1_132' title='bbox 372 2511 576 2546; x_wconf 73' lang='lat' dir='ltr'><strong>Desvauccii</strong></span> <span class='ocrx_word' id='word_1_133' title='bbox 608 2511 697 2555; x_wconf 84' lang='lat' dir='ltr'><strong>Lge.</strong></span> <span class='ocrx_word' id='word_1_134' title='bbox 731 2510 776 2544; x_wconf 83' lang='lat' dir='ltr'><strong>ad</strong></span> <span class='ocrx_word' id='word_1_135' title='bbox 818 2509 900 2558; x_wconf 70' lang='lat' dir='ltr'><strong>int.⁷</strong></span> <span class='ocrx_word' id='word_1_136' title='bbox 941 2508 1296 2558; x_wconf 64' lang='grc' dir='ltr'><strong>*2,--4-ροΙΙίς3Γίε7</strong></span> <span class='ocrx_word' id='word_1_137' title='bbox 1344 2507 1430 2544; x_wconf 78' lang='lat' dir='ltr'><strong>folia</strong></span> <span class='ocrx_word' id='word_1_138' title='bbox 1470 2509 1552 2544; x_wconf 86' lang='lat' dir='ltr'><strong>laxa</strong></span> <span class='ocrx_word' id='word_1_139' title='bbox 1594 2513 1630 2544; x_wconf 88' lang='lat' dir='ltr'><strong>et</strong></span> <span class='ocrx_word' id='word_1_140' title='bbox 1662 2510 1789 2560; x_wconf 71' lang='lat' dir='ltr'><strong>plana⁷</strong></span> 
     </span>
     <span class='ocr_line' id='line_1_28' title="bbox 400 2587 1792 2636; baseline 0.001 -13"><span class='ocrx_word' id='word_1_141' title='bbox 400 2588 531 2624; x_wconf 85' lang='lat' dir='ltr'><strong>latiora</strong></span> <span class='ocrx_word' id='word_1_142' title='bbox 565 2592 601 2623; x_wconf 84' lang='lat' dir='ltr'><strong>et</strong></span> <span class='ocrx_word' id='word_1_143' title='bbox 631 2588 802 2634; x_wconf 81' lang='lat' dir='ltr'><strong>longiora</strong></span> <span class='ocrx_word' id='word_1_144' title='bbox 837 2599 949 2634; x_wconf 89' lang='lat' dir='ltr'><strong>quam</strong></span> <span class='ocrx_word' id='word_1_145' title='bbox 988 2588 1024 2623; x_wconf 88' lang='lat' dir='ltr'><strong>in</strong></span> <span class='ocrx_word' id='word_1_146' title='bbox 1066 2588 1208 2636; x_wconf 73' lang='lat' dir='ltr'><strong>priori7</strong></span> <span class='ocrx_word' id='word_1_147' title='bbox 1255 2587 1452 2623; x_wconf 89' lang='lat' dir='ltr'><strong>dimidium</strong></span> <span class='ocrx_word' id='word_1_148' title='bbox 1499 2589 1711 2625; x_wconf 84' lang='lat' dir='ltr'><strong>culmorum</strong></span> <span class='ocrx_word' id='word_1_149' title='bbox 1757 2596 1792 2625; x_wconf 76' lang='lat' dir='ltr'><strong>et</strong></span> 
     </span>
     <span class='ocr_line' id='line_1_29' title="bbox 399 2666 1789 2715; baseline 0.001 -12"><span class='ocrx_word' id='word_1_150' title='bbox 399 2669 493 2703; x_wconf 86' lang='lat' dir='ltr'><strong>ultra</strong></span> <span class='ocrx_word' id='word_1_151' title='bbox 528 2667 766 2715; x_wconf 76' lang='lat' dir='ltr'><strong>attingontia⁷</strong></span> <span class='ocrx_word' id='word_1_152' title='bbox 802 2666 957 2713; x_wconf 79' lang='lat' dir='ltr'><strong>spiculae</strong></span> <span class='ocrx_word' id='word_1_153' title='bbox 990 2667 1110 2712; x_wconf 84' lang='lat' dir='ltr'><strong>magis</strong></span> <span class='ocrx_word' id='word_1_154' title='bbox 1144 2671 1297 2702; x_wconf 80' lang='lat' dir='ltr'><strong>remotae</strong></span> <span class='ocrx_word' id='word_1_155' title='bbox 1316 2667 1484 2714; x_wconf 84' lang='lat' dir='ltr'><strong>(singula</strong></span> <span class='ocrx_word' id='word_1_156' title='bbox 1504 2667 1649 2714; x_wconf 87' lang='lat' dir='ltr'><strong>spicula</strong></span> <span class='ocrx_word' id='word_1_157' title='bbox 1669 2669 1789 2705; x_wconf 86' lang='lat' dir='ltr'><strong>basim</strong></span> 
     </span>
     <span class='ocr_line' id='line_1_30' title="bbox 399 2746 1792 2797; baseline 0.001 -15"><span class='ocrx_word' id='word_1_158' title='bbox 399 2768 452 2773; x_wconf 89' lang='lat'>—</span> <span class='ocrx_word' id='word_1_159' title='bbox 479 2759 548 2782; x_wconf 82' lang='lat' dir='ltr'><strong>nec</strong></span> <span class='ocrx_word' id='word_1_160' title='bbox 580 2747 746 2782; x_wconf 83' lang='lat' dir='ltr'><strong>medium</strong></span> <span class='ocrx_word' id='word_1_161' title='bbox 780 2746 877 2782; x_wconf 83' lang='lat' dir='ltr'><strong>utin</strong></span> <span class='ocrx_word' id='word_1_162' title='bbox 909 2746 961 2782; x_wconf 91' lang='lat' dir='ltr'><strong>M.</strong></span> <span class='ocrx_word' id='word_1_163' title='bbox 989 2746 1140 2781; x_wconf 88' lang='lat' dir='ltr'><strong>minima</strong></span> <span class='ocrx_word' id='word_1_164' title='bbox 1161 2767 1211 2772; x_wconf 78' lang='lat'>—</span> <span class='ocrx_word' id='word_1_165' title='bbox 1229 2747 1409 2793; x_wconf 75' lang='lat' dir='ltr'><strong>proximae</strong></span> <span class='ocrx_word' id='word_1_166' title='bbox 1428 2747 1653 2797; x_wconf 80' lang='lat' dir='ltr'><strong>attingens),</strong></span> <span class='ocrx_word' id='word_1_167' title='bbox 1685 2748 1792 2784; x_wconf 86' lang='lat' dir='ltr'><strong>color</strong></span> 
     </span>
     <span class='ocr_line' id='line_1_31' title="bbox 400 2825 889 2872; baseline 0.004 -11"><span class='ocrx_word' id='word_1_168' title='bbox 400 2826 515 2862; x_wconf 89' lang='lat' dir='ltr'><strong>totius</strong></span> <span class='ocrx_word' id='word_1_169' title='bbox 549 2826 675 2862; x_wconf 82' lang='lat' dir='ltr'><strong>herbae</strong></span> <span class='ocrx_word' id='word_1_170' title='bbox 707 2825 889 2872; x_wconf 71' lang='lat' dir='ltr'><strong>pallidus.</strong></span> 
     </span>
    </p>
   </div>
   <div class='ocr_carea' id='block_1_11' title="bbox 402 2904 1734 2952">
    <p class='ocr_par' dir='ltr' id='par_1_14' title="bbox 402 2904 1734 2952">
     <span class='ocr_line' id='line_1_32' title="bbox 402 2904 1734 2952; baseline 0.002 -13"><span class='ocrx_word' id='word_1_171' title='bbox 402 2905 442 2939; x_wconf 89' lang='lat' dir='ltr'><strong>ln</strong></span> <span class='ocrx_word' id='word_1_172' title='bbox 476 2905 639 2941; x_wconf 85' lang='lat' dir='ltr'><strong>collibus</strong></span> <span class='ocrx_word' id='word_1_173' title='bbox 673 2905 848 2940; x_wconf 83' lang='lat' dir='ltr'><strong>arenosis</strong></span> <span class='ocrx_word' id='word_1_174' title='bbox 881 2905 927 2939; x_wconf 88' lang='lat' dir='ltr'><strong>ad</strong></span> <span class='ocrx_word' id='word_1_175' title='bbox 961 2905 1066 2950; x_wconf 90' lang='lat' dir='ltr'><strong>Lugo</strong></span> <span class='ocrx_word' id='word_1_176' title='bbox 1100 2909 1136 2939; x_wconf 81' lang='lat' dir='ltr'><strong>et</strong></span> <span class='ocrx_word' id='word_1_177' title='bbox 1169 2904 1348 2950; x_wconf 85' lang='lat' dir='ltr'><strong>Santiago</strong></span> <span class='ocrx_word' id='word_1_178' title='bbox 1383 2906 1429 2940; x_wconf 88' lang='lat' dir='ltr'><strong>de</strong></span> <span class='ocrx_word' id='word_1_179' title='bbox 1463 2905 1734 2952; x_wconf 81' lang='lat' dir='ltr'><strong>Compostela!</strong></span> 
     </span>
    </p>
   </div>
  </div>
 </body>
</html>
