1929 3277
866 118 919 156 95

198 248 444 283 characteres
484 248 627 294 optime
666 259 684 283 a
727 251 812 284 cell.
847 250 965 285 Gren.
999 251 1034 284 ἀ·
1068 250 1186 285 Godr.
1229 251 1425 296 expositas
1468 251 1579 285 etiam
1613 251 1648 286 in

196 325 392 371 omnibus,
427 336 510 370 quae
543 326 768 373 examinavi,
803 327 840 360 S.
874 326 1064 361 frutico'sae
1083 327 1377 375 speciminibus,
1411 328 1558 362 semina
1577 328 1650 363 vidi

198 402 410 448 pericarpio
451 405 612 449 (opaco,
659 404 731 437 sub
771 403 871 437 lente
911 404 1043 438 leviter
1093 404 1299 452 papillato,
1346 404 1649 453 fusco-cinereo,

195 480 297 524 stylo
329 479 563 525 persistente
605 479 825 525 terminato)
871 486 973 515 arcte
1017 482 1236 529 adbaerere,
1285 482 1374 515 dum
1408 493 1426 515 e
1459 482 1650 516 contrario

196 557 236 591 S.
278 557 575 602 macrostachyae
618 557 765 592 semina
807 557 931 605 nigra,
980 557 1112 605 nitida,
1160 559 1281 592 dense
1321 559 1503 593 muricata
1546 559 1650 604 peri-

194 634 325 679 carpio
359 638 433 669 tam
466 635 549 669 laxe
581 634 731 669 inclusa
765 639 870 683 sunt,
904 639 944 668 ut
976 635 1132 669 minimo
1166 640 1266 670 tactu
1290 636 1442 670 cadant.
1502 637 1545 671 ln
1579 636 1651 671 hoc

199 717 377 756 respecto
412 711 525 755 igitur
561 712 599 746 S.
635 711 830 760 fruticosa,
865 711 900 746 ni
933 712 1058 761 fallor,
1093 712 1215 757 magis
1248 713 1374 747 affinis
1407 713 1525 747 estS.
1560 713 1650 747 her-

196 788 321 823 baceae
353 799 467 834 quam
501 790 539 824 S.
570 790 881 836 macrostacbyae,
916 800 985 823 nec
1018 789 1209 834 explicare
1241 800 1418 838 possum,
1453 791 1649 836 quomodo

193 865 284 900 varii
315 872 471 902 autores
501 867 539 901 S.
574 867 769 901 herbaceae
801 866 1080 914 „pericarpium
1114 864 1360 913 adhaeren84‘,
1396 867 1434 901 S.
1460 867 1651 902 fruticosae

195 943 476 991 „pericarpium
505 943 752 979 distinctum“
784 943 951 978 tribuere
970 943 1148 988 possint;
1183 944 1350 988 ideoque
1383 944 1483 978 haud
1516 944 1649 978 inutile

198 1020 283 1068 erit,
314 1021 351 1056 in
384 1021 525 1066 plantis
559 1020 649 1056 vivis
682 1021 809 1055 denuo
844 1020 1030 1055 rationem
1064 1020 1224 1055 seminis
1258 1025 1295 1055 et
1313 1021 1570 1066 pericarpiiin
1590 1021 1649 1055 his

199 1098 406 1142 speciebus
439 1098 682 1143 investigare.

738 1229 775 1267 6.
838 1230 1047 1265 Suaedeoe.

139 1328 275 1365 Suoeda
299 1332 485 1376 pruinosa
517 1331 608 1375 Lge.
647 1331 694 1364 ad
736 1330 804 1364 int.
852 1331 910 1375 (S.
945 1329 1125 1363 fruticosa
1158 1326 1196 1375 d,
1244 1329 1439 1364 brevifolia
1471 1329 1578 1374 Moq.
1611 1329 1647 1363 in

251 1406 342 1451 Lge.
374 1417 456 1441 exs.
488 1408 554 1442 Nr.
591 1406 705 1456 164),
752 1407 867 1442 ramis
908 1406 1363 1455 tortuoso-divaricatis,
1409 1406 1517 1452 apice
1550 1406 1648 1441 inter

251 1483 368 1518 flores
401 1485 720 1532 pubescentibus,
753 1484 853 1519 foliis
887 1484 1215 1531 ovato-globosis,
1257 1483 1514 1531 brevissimis,
1549 1484 1647 1518 den-

252 1560 408 1596 sissime
439 1563 666 1609 imbricatis,
709 1561 1128 1609 pruinoso-papillosis
1161 1561 1330 1606 indeque
1363 1561 1648 1606 glauceseenti-

251 1639 324 1673 bus
357 1651 375 1673 a
408 1640 447 1675 S.
477 1643 660 1687 fruticosa
693 1639 823 1675 Forsk.
856 1639 1011 1674 abunde
1043 1639 1192 1673 videtur
1225 1639 1421 1688 distincta,
1456 1650 1574 1683 quare
1600 1638 1647 1672 ad

249 1716 401 1751 interim
435 1717 587 1751 nomine
620 1728 716 1752 novo
750 1716 1005 1764 designatam,
1046 1716 1216 1751 ulteriori
1249 1716 1508 1751 observationi
1541 1727 1648 1750 com-

251 1794 405 1830 mendo.
466 1795 522 1828 An
557 1794 629 1828 huc
662 1794 851 1839 pertineat
877 1795 915 1828 S.
935 1794 1055 1830 frutie.
1091 1792 1127 1830 ὁ.
1160 1794 1356 1829 brevifolia
1373 1794 1479 1839 Moq.
1512 1794 1549 1827 in
1566 1792 1647 1830 DC.

251 1871 382 1915 prodr.
416 1871 524 1920 Xlll,
556 1870 682 1918 2‚157
715 1884 757 1906 ex
790 1873 970 1919 AEgypto,
1004 1871 1150 1909 nescio.

250 1949 293 1983 ln
327 1948 461 1984 salinis
495 1961 552 1994 pr.
585 1949 771 1985 Murciam
804 1950 937 1984 urbem
970 1948 1039 1991 (25
1073 1949 1166 1984 Nov.
1199 1960 1230 1983 c.
1263 1948 1350 1993 sr.)!

139 2027 401 2073 Chenopodz'na
430 2030 616 2063 maritima
647 2027 728 2073 (L.)
759 2028 866 2073 Moq.
900 2028 1033 2072 (Hisp.
1066 2026 1201 2070 Mala).

249 2104 308 2138 Ad
342 2103 466 2138 littora
500 2103 644 2138 Oceani
682 2116 751 2150 per
793 2104 1037 2139 Cantabriam
1076 2104 1364 2151 (PortugaIete,
1414 2103 1648 2146 Santander)

306 2186 343 2215 et
375 2181 580 2216 Galleciam
613 2181 665 2224 (el
699 2182 842 2230 Burgo,
876 2181 1159 2225 Pontevedra);
1207 2180 1243 2215 in
1277 2180 1414 2215 salinis
1449 2191 1504 2225 pr.
1537 2181 1648 2216 Mur-

309 2258 402 2293 ciam
438 2260 590 2294 urbem!
626 2284 635 2291 ,

139 2337 205 2372 θὴ-
237 2339 358 2371 sativa
390 2335 518 2381 (Cav.)
549 2337 654 2381 Moq„

253 2415 292 2448 ln
327 2412 482 2459 planitie
515 2414 695 2459 argillosa
729 2414 910 2449 subsalsa
951 2413 1050 2447 inter
1077 2412 1199 2447 Lorca
1239 2416 1275 2446 et
1301 2412 1445 2446 Totana
1477 2412 1520 2454 (3
1554 2413 1646 2447 Dec.

307 2501 339 2526 c.
373 2490 462 2536 fr.)!

714 2623 752 2659 7.
814 2622 1061 2659 Salsoleoe.

108 2719 110 2721 ’
141 2723 293 2758 Salsola
328 2724 411 2759 In'ali
442 2724 481 2758 L.
516 2724 576 2771 (α7
609 2724 708 2758 hirta
739 2727 775 2757 et
804 2723 844 2771 β,
879 2724 1038 2768 Traqus)
1080 2723 1215 2766 (Hisp.
1248 2722 1350 2756 Mata
1382 2720 1606 2766 pinchosa).

252 2801 311 2835 Ad
345 2800 471 2835 littora
504 2800 648 2835 Oceani
692 2800 779 2835 hinc
819 2800 909 2834 inde
956 2811 1024 2845 per
1058 2799 1299 2834 Cantabriam
1333 2799 1392 2845 (S.
1424 2797 1644 2845 Sebastian,
