1919 3199
851 125 934 165 343

174 265 285 301 obs.
346 263 535 311 Eandem⁷
568 261 605 296 ni
637 261 759 311 fallor·⁷
793 260 962 308 speciem
995 260 1086 306 legit
1117 261 1162 295 cl.
1201 261 1403 305 Bourgeau
1435 261 1480 296 ad
1512 260 1639 296 Grado

258 341 418 378 Asturiae
450 341 500 377 24
534 340 608 376 Mai
642 339 749 378 1864
781 344 817 375 et
853 339 889 374 in
924 339 1049 374 Sierra
1082 339 1129 374 de
1164 338 1321 374 Caneria
1354 350 1411 384 pr.
1444 339 1640 375 Plasencia

259 420 309 458 14
332 420 407 456 Mai
441 417 546 458 1863
578 419 641 465 (Ν.
666 417 776 456 2433
806 417 865 453 bis
899 429 931 453 s.
959 429 995 452 n.
1028 417 1071 452 R.
1107 417 1328 463 rubiginosa
1356 429 1432 454 var.
1459 418 1639 465 sepium).

173 549 195 572 ,7
227 523 266 570 β,
298 523 507 558 novatiensis
538 519 665 557 Boiss.
699 523 735 554 et
765 519 875 556 Reut.

257 600 397 647 Guejar
427 599 569 646 (Sierra
602 594 790 645 Nevada)!

146 703 244 738 Rosa
273 703 493 747 rubiyinosa
526 701 562 737 L.

257 779 403 828 Bilbao⁷
435 779 669 824 Encinillas3
702 777 961 822 Pontevedra;
994 776 1221 811 Vitlafranca
1254 776 1314 811 del
1349 773 1502 814 Vierzo!

173 909 192 930 „
222 882 261 930 ρ’,
296 880 444 927 sepium
477 881 538 927 (R.
571 852 720 926 sepium
751 877 909 925 Thuill.)

257 960 298 995 ln
339 959 531 995 montibus
570 958 752 996 Marianis
795 958 877 992 loco
920 956 1019 992 dicto
1053 957 1171 992 Torre
1212 957 1258 992 de
1299 956 1355 992 tas
1395 957 1419 994 7
1459 957 1642 1004 esquinas

313 1049 369 1085 pr.
405 1037 598 1075 Corduba!

147 1142 188 1177 R.
220 1143 377 1177 inodora
410 1140 465 1175 Fr.
498 1140 559 1186 (R.
586 1137 751 1183 agrestis
786 1136 915 1184 Savi‘3)

256 1218 446 1267 Escorial,
481 1217 579 1253 Casa
612 1217 658 1252 de
692 1216 835 1262 Campo
869 1227 924 1262 pr.
957 1215 1131 1252 Madrid!

175 1348 195 1370 ᾖ
227 1322 266 1369 β,
297 1324 416 1357 minor
447 1320 514 1368 (R.
549 1318 760 1356 micrantha
794 1317 910 1363 Sm.)

257 1400 313 1434 Ad
361 1410 477 1445 sepes
529 1409 647 1444 prope
694 1397 931 1443 Santander3
989 1397 1113 1432 Sierra
1170 1397 1216 1432 de
1263 1397 1461 1433 Manzanal
1510 1399 1645 1439 (mont.

315 1478 485 1524 Legion.)
520 1481 556 1512 et
587 1477 633 1512 ad
667 1487 804 1523 pagum
839 1475 1117 1512 Guadarrama!

178 1568 288 1604 Obs.
348 1567 520 1602 Eandem
561 1566 742 1614 formam,
793 1577 912 1612 prope
951 1565 1124 1602 Escoriat
1166 1566 1302 1601 lectam
1343 1571 1379 1600 et
1418 1566 1570 1602 nomine
1605 1568 1646 1602 R.

262 1648 460 1693 hispanicae
491 1647 537 1694 β,
583 1646 833 1682 escurialensis
861 1644 988 1682 Boiss.
1023 1644 1261 1690 designatam
1295 1655 1441 1680 mecum
1475 1656 1648 1681 commu-

263 1724 397 1760 nicavit
429 1735 504 1760 rev.
539 1721 719 1760 Leresche.
795 1724 951 1770 Species
985 1728 1086 1759 certe
1124 1735 1143 1759 a
1177 1725 1218 1759 R.
1252 1725 1469 1770 rubiyinosa
1500 1724 1649 1759 videtur

263 1803 439 1839 distincta
482 1803 578 1838 soliis
619 1803 890 1851 subinodoris,
938 1803 1058 1848 magis
1098 1802 1306 1838 virentibus
1347 1808 1417 1840 etc.
1451 1808 1486 1838 et
1518 1803 1646 1849 speci-

263 1882 359 1917 mina
394 1882 590 1928 hispanica
623 1882 776 1918 omnino
810 1882 946 1918 similia
979 1883 1153 1917 videntur
1184 1883 1320 1928 plantae
1353 1882 1646 1928 Scandinafflcae,

263 1973 374 2008 quam
401 1962 470 1997 cel.
497 1961 541 1997 E.
564 1962 664 1998 Fries
689 1961 726 1996 in
752 1962 845 1998 Nov.
867 1963 903 1997 ss.
925 1963 1035 1998 Suec.
1055 1961 1116 1996 ed.
1138 1961 1159 1998 1
1184 1960 1326 2009 (1814)
1354 1961 1541 2009 distinxit,
1575 1961 1645 1996 sed

263 2041 475 2076 secundum
509 2040 806 2086 descriptionem
848 2041 981 2076 eadem
1015 2041 1143 2086 planta
1176 2040 1347 2087 videtur,
1399 2050 1511 2086 quam
1544 2040 1643 2076 beat.

260 2121 303 2157 G.
337 2118 428 2156 Savi
460 2119 535 2164 jam
568 2118 603 2153 in
639 2119 730 2153 flora
762 2119 900 2155 Pisana
942 2118 1085 2166 (1798)
1128 2119 1281 2154 nomine
1314 2120 1355 2154 R.
1388 2121 1542 2164 ayrestz's
1574 2118 1643 2152 de-

258 2198 486 2244 signaverat.
521 2196 734 2242 Specimina
775 2209 793 2232 e
834 2198 1045 2233 seminibus
1077 2197 1217 2234 Matriti
1256 2197 1363 2233 lectis
1407 2197 1567 2232 educata
1605 2197 1642 2232 in

259 2277 368 2312 horto
408 2275 581 2311 botanico
621 2275 824 2312 hauniensi
865 2276 964 2311 culta
1004 2276 1245 2312 characteres
1281 2281 1316 2311 et
1356 2274 1524 2311 habitum
1558 2287 1642 2310 om-

257 2355 345 2391 nino
378 2358 589 2390 servarunt.

148 2458 188 2493 R.
219 2458 434 2493 mollissima
465 2456 595 2491 Willd.

259 2535 296 2570 S.
329 2534 445 2569 Pablo
478 2534 524 2569 de
556 2534 708 2570 Montes
741 2530 926 2580 (Pourr.)!

175 2624 283 2660 ObS.
343 2624 504 2671 Eadem,
538 2634 595 2658 me
624 2622 764 2671 judice7
797 2627 856 2658 est
881 2623 1021 2671 planta,
1056 2634 1168 2669 quam
1196 2623 1232 2659 in
1266 2624 1405 2670 pinetis
1432 2625 1476 2660 ad
1508 2625 1639 2672 Hoyo-

257 2714 421 2749 quesero
455 2701 544 2747 legit
575 2702 621 2737 cl.
650 2701 849 2747 Bourgeau
880 2701 934 2739 26
960 2702 1035 2737 Juli
1059 2700 1162 2740 1863
1194 2707 1230 2737 et
1262 2703 1413 2739 nomine
1441 2704 1486 2739 R.
1514 2704 1639 2750 pomi—

256 2782 341 2816 ferae
373 2780 585 2826 designavit
616 2780 686 2815 cel.
721 2779 886 2817 Cosson.
