1929 3277
1023 139 1076 179 18

299 277 471 325 Hypnum
500 276 706 313 silvaticum
736 275 777 312 L.

297 442 346 477 H.

296 599 344 635 H.

300 755 349 791 H.

296 2735 330 2769 H
335 2761 344 2771 .

409 356 450 391 In
484 358 613 391 monte
644 355 733 391 Pico
767 354 886 401 Sagro
921 353 1098 390 Galleciae
1130 353 1287 399 (Aug.)1

377 439 588 475 molluscum
618 436 668 473 H.

408 517 480 552 Per
509 513 749 551 Cantabriam
769 511 1028 550 &Galleeiam
1062 511 1157 548 satis
1189 511 1372 559 frequens
1406 511 1508 560 (Oct.
1541 525 1572 550 c.
1604 512 1648 548 sr.
1676 510 1801 559 jun.)!

376 598 576 643 confertum
605 593 737 630 Dicks.

408 675 449 710 In
483 672 651 709 humidis
671 673 717 708 ad
741 683 880 719 pagum
907 671 1080 708 Donifios
1101 670 1277 707 Galleciae
1302 670 1469 707 borealis
1492 670 1620 718 (Sept.
1653 682 1685 709 c.
1717 667 1800 717 sr.)!

381 752 689 802 meyapolitanum
723 751 861 787 Bland.

409 833 451 868 In
498 831 676 868 arenosis
724 830 1021 867 humidiusculis
1069 830 1232 867 Boeticae
1272 830 1366 867 satis
1406 830 1588 877 frequens
1629 827 1800 878 (Smilla,

466 912 605 948 Puerto
639 911 686 946 de
720 911 798 946 Sta.
816 909 937 947 Maria
970 910 1063 956 etc.)
1095 910 1224 958 (Febr.
1251 923 1282 947 c.
1315 910 1399 957 sr.)!

381 994 552 1029 lutescens
584 991 711 1028 Huds.

407 1072 448 1107 In
483 1070 628 1107 truncis
661 1082 718 1117 pr.
753 1069 931 1106 Cordoba
964 1070 1093 1113 (Mart.
1126 1081 1158 1106 c.
1190 1069 1274 1114 sr)!

379 1164 565 1188 aurescens
599 1150 641 1186 C.
673 1150 784 1187 Miill.
819 1150 884 1194 (H.
917 1161 1073 1185 aureum
1107 1150 1216 1195 Lag.)

407 1232 450 1266 ln
482 1234 610 1267 monte
645 1230 770 1266 Sierra
804 1230 850 1265 de
882 1230 1032 1266 Alfacar
1062 1229 1100 1265 ss.
1136 1228 1292 1266 Granat.
1325 1229 1477 1277 (ster.)!

374 1313 543 1346 sericeum
574 1310 617 1349 L.

406 1389 449 1423 In
483 1387 627 1425 truncis
661 1388 881 1432 Quercuum
915 1399 972 1434 pr.
1006 1387 1184 1424 Cordoba
1217 1388 1369 1432 (ster.)!

374 1469 577 1505 illecebrum
607 1468 649 1505 L.

403 1547 461 1582 Ad
496 1551 652 1583 truncos
670 1525 884 1593 ²Hispaniae
916 1545 1195 1594 meridionalis7
1230 1556 1262 1580 v.
1299 1556 1330 1582 e.
1372 1546 1426 1581 St.
1445 1546 1542 1582 Juan
1578 1547 1624 1582 de
1657 1547 1798 1583 Aznal-

460 1625 611 1662 faraehe
644 1626 682 1662 ss.
715 1625 885 1676 Hispal.⁷
920 1626 953 1661 la
985 1625 1157 1672 Albayda
1190 1636 1246 1671 pr.
1281 1624 1459 1661 Cordoba
1493 1629 1565 1663 etc.
1597 1626 1750 1677 (ster.)!

336 1733 344 1742 .
377 1707 579 1742 irroratum
611 1705 653 1742 C.
686 1705 796 1743 Miill.

405 1785 447 1819 In
481 1785 637 1830 regione
669 1784 796 1831 alpina
828 1784 1096 1832 Pyrenaeorum
1129 1784 1176 1820 ad
1211 1783 1278 1820 Col
1315 1784 1362 1820 de
1394 1784 1568 1821 Bassech
1601 1784 1643 1831 (3
1660 1785 1797 1832 Aug.)!

374 1870 627 1901 commutatum
657 1864 708 1900 H.

403 1945 442 1979 In
477 1943 647 1979 fontibus
679 1943 725 1978 ad
760 1942 964 1979 Granatam
996 1942 1129 1978 urbem
1162 1941 1313 1990 (ster.)!

331 2049 340 2060 .
371 2024 547 2069 fluvialile
588 2023 660 2062 Sw.

405 2101 446 2136 In
496 2101 625 2138 rivulis
673 2102 718 2137 ad
762 2102 883 2147 Lagar
929 2101 989 2137 del
1041 2100 1144 2137 Cafio
1191 2100 1227 2136 in
1275 2101 1470 2137 montibus
1511 2100 1695 2138 Marianis
1737 2113 1794 2150 pr.

461 2180 637 2216 Cordoba
665 2180 817 2230 (ster.)!

333 2288 342 2298 .
375 2272 546 2307 ruyosum
579 2260 684 2295 Ehrh
693 2286 701 2294 .

406 2339 449 2374 ln
481 2338 645 2375 collibus
678 2338 861 2374 calcare-is
893 2339 940 2374 ad
972 2338 1185 2375 Encinillas
1218 2345 1340 2386 (prov.
1373 2339 1542 2387 Burgos)
1575 2343 1723 2386 (ster-J!

333 2443 344 2455 .
373 2420 588 2466 rusciforme
618 2417 739 2453 Weis.

407 2497 449 2532 In
481 2497 612 2533 rivulis
646 2498 691 2533 ad
726 2497 860 2533 Bilbao
893 2496 998 2545 (Oct.
1031 2509 1063 2534 c.
1098 2496 1183 2546 sr.)!

333 2606 342 2615 .
375 2580 589 2624 triquetrum
619 2577 660 2613 L.

407 2657 448 2691 ln
483 2655 634 2691 ericetis
668 2655 860 2692 montanis
892 2656 937 2691 ad
973 2656 1200 2692 Villafranca
1234 2656 1294 2691 del
1329 2655 1464 2691 Vierzo
1497 2657 1655 2702 (ster.)!

381 2733 525 2772 Ilalleri
556 2736 594 2772 L.
630 2735 682 2769 fil.

408 2814 449 2849 In
483 2825 562 2860 reg.
594 2814 668 2860 alp.
702 2814 836 2860 Pyren.
871 2815 915 2849 ad
952 2814 1019 2850 Col
1054 2815 1100 2850 de
1131 2814 1301 2851 Bassech
1334 2814 1376 2858 (3
1408 2814 1544 2860 Aug.]!
