1919 3199
984 169 1066 209 246

815 300 886 341 Mt.
948 302 1233 352 saxifragaeeae.

273 381 591 431 Chrysosptenium
623 383 919 429 oppositisolium
949 383 991 420 L.

384 459 426 494 In
460 458 556 495 locis
589 459 758 495 humidis
785 460 831 495 ad
856 470 995 506 pagum
1014 459 1200 495 Becerrea
1222 458 1420 503 Galleciae3
1459 458 1682 494 villafranca
1717 459 1778 497 del

440 534 598 575 Vierzo!
632 537 671 575 S,
704 537 821 573 Pablo
854 538 901 574 de
933 539 1086 574 Montes
1119 534 1314 583 (Pourr.)!

272 616 481 665 saxifraqa
509 616 669 652 stellaris
701 617 742 653 L.

387 694 425 729 S.
461 694 576 729 Pablo
610 695 657 730 de
689 695 843 731 Montes
876 691 1068 742 (pom-nm

271 774 308 808 S.
343 773 459 809 Clusii
492 771 589 808 Gou.
622 774 662 822 β,
693 776 922 821 ρνοραρὶηοα
956 774 1044 818 Lge.
1078 770 1122 822 (S
1157 772 1390 818 propaginea
1417 771 1525 806 herb.
1560 771 1707 821 Poum,
1742 773 1780 806 S.

385 850 638 896 lepismigena
674 851 778 887 Plan.
811 851 907 886 Ens.
942 851 978 885 ss.
1011 850 1150 895 galleg.
1185 861 1222 896 p.
1253 849 1393 895 2241).

383 930 424 964 ln
458 928 619 975 rupibus
652 929 819 975 irrigatis
852 930 897 964 ad
933 940 1071 975 pagum
1106 929 1180 963 San
1199 929 1341 963 Lazaro
1375 939 1432 974 pr.
1463 928 1565 973 Lugo
1587 926 1779 975 Galleciae,

439 1006 494 1045 28
524 1007 601 1042 Jul.
635 1019 666 1042 c.
702 1007 759 1043 ss.!

301 1086 413 1121 obs.
461 1085 518 1120 Ad
567 1085 865 1131 descriptionem
915 1087 984 1121 cel.
1026 1086 1204 1121 Plancllae
1235 1088 1403 1120 ceterum
1452 1082 1779 1119 accuratissimam

385 1163 499 1209 hujus
520 1163 712 1199 varietatis
733 1163 942 1208 singularis
962 1164 1201 1212 addendum,
1235 1163 1339 1209 quod
1375 1174 1448 1198 non
1483 1161 1609 1197 solum
1642 1172 1793 1214 magna¹

384 1252 474 1286 pars
521 1241 655 1276 florum
703 1240 908 1287 (imprimis
956 1241 1156 1277 inferiores
1210 1242 1244 1276 in
1294 1241 1468 1286 ramulis)
1514 1240 1550 1275 in
1605 1251 1776 1285 gemmas

384 1320 615 1363 (lmlbillos)
659 1320 753 1357 ,basi
807 1319 957 1355 soliatas
1010 1320 1360 1368 transformantur,
1416 1319 1485 1355 sed
1541 1318 1641 1354 inter
1692 1317 1778 1353 folia

384 1397 561 1432 radicalia
602 1408 758 1444 quoquc
797 1398 897 1433 haud
938 1410 1022 1434 raro
1063 1398 1210 1434 bulbilli
1243 1397 1486 1446 proveniunt,
1531 1397 1631 1433 foliis
1665 1398 1778 1443 longe

384 1480 420 1510 ct
461 1476 583 1511 dense
623 1475 996 1512 fimbriato—ciliatis
1036 1475 1189 1512 inclusi.
1264 1476 1442 1512 Ceterum
1486 1476 1614 1522 planta
1648 1480 1779 1511 exacte

383 1565 468 1589 cum
510 1557 549 1590 S.
583 1554 698 1591 Clusii
745 1554 844 1590 Gou.
884 1555 942 1600 (S.
985 1554 1330 1590 leucanthemisolia
1374 1555 1549 1600 Lapeyr.)
1590 1554 1780 1602 convenit,

384 1632 432 1667 ita
466 1638 505 1667 ut
537 1632 691 1667 minime
723 1633 769 1668 ab
805 1633 937 1668 eadem
971 1632 1152 1678 specifice
1186 1632 1357 1679 separari
1378 1633 1529 1669 debeat.
1580 1636 1666 1678 lpsa
1691 1644 1778 1668 vero

386 1710 564 1757 species,
598 1721 617 1745 a
650 1711 847 1746 nonnullis
880 1710 1079 1746 autoribus
1123 1710 1257 1756 (Gren.
1292 1708 1327 1749 ἃς
1359 1711 1479 1747 Godr.
1514 1712 1551 1746 ss.
1584 1712 1663 1756 Fr.)
1695 1722 1779 1746 cum

386 1791 426 1825 S.
461 1789 601 1825 stellari
632 1789 849 1836 conjuncta,
881 1789 1050 1825 indolem
1084 1790 1130 1825 ab
1161 1789 1230 1824 hac
1249 1790 1405 1825 omnino
1427 1789 1617 1825 diversam
1638 1794 1779 1837 servat,

387 1866 435 1902 ita
471 1871 510 1902 ut
541 1878 625 1902 meo
659 1878 779 1902 sensu
815 1867 968 1903 minime
1000 1879 1068 1914 pro
1088 1868 1207 1903 forma
1236 1868 1416 1904 umbrosa
1437 1868 1613 1915 ejusdem
1634 1867 1782 1918 haberi,

387 1945 457 1980 sed
491 1945 629 1980 bonam
663 1945 830 1991 speciem
865 1945 1099 1981 constituere
1131 1946 1285 1982 debeat.

274 2026 312 2060 S.
347 2024 545 2071 cuneisolia
579 2023 618 2058 L.
652 2037 694 2067 α,
723 2025 892 2070 vulyam‘s
924 2023 1003 2061 DC.

387 2102 430 2136 ln
462 2101 618 2137 fissuris
652 2101 800 2148 rupium
836 2101 975 2139 montis
1009 2102 1134 2139 Sierra
1167 2101 1348 2139 Meirama
1384 2099 1599 2153 Gallcciael·

275 2181 315 2216 S.
346 2181 520 2216 umbrosa
555 2180 592 2216 L.

391 2259 428 2294 S.
464 2259 580 2293 Pablo
613 2258 660 2293 de
691 2259 845 2294 Montes
879 2260 1036 2308 (l’ourr.
1070 2259 1219 2303 herl).]!

304 2364 323 2385 „
356 2348 446 2374 var.
477 2352 517 2386 y,
553 2335 727 2382 Bahingt.
760 2337 824 2383 (S.
860 2337 1087 2373 serratifolia
1119 2338 1272 2384 Mack.>.

392 2416 430 2450 ln
465 2416 626 2461 rupibus
659 2415 825 2461 irrigatis
850 2416 896 2451 ad
925 2427 1063 2462 pagum
1097 2415 1130 2451 el
1166 2415 1301 2451 Castro
1335 2428 1456 2462 prope
1490 2417 1644 2454 limitem
1680 2431 1784 2466 prov.

445 2494 701 2539 Legioncnsis
736 2494 943 2530 Galleciam
978 2505 1129 2544 versuS,
1161 2493 1214 2532 23
1246 2495 1322 2530 Jul.
1357 2506 1389 2530 c.
1423 2495 1488 2531 sn!

277 2577 316 2607 S.
349 2573 597 2621 rotundifolia
631 2573 669 2608 L.

393 2651 570 2687 Badariol
603 2649 731 2700 (herl).
765 2652 939 2693 Pourr.)!

279 2734 318 2766 5.
345 2731 574 2776 flammescens
608 2730 716 2766 Reut.

392 2810 432 2843 ln
467 2807 631 2843 collibus
664 2808 859 2853 argillosis
893 2808 938 2843 ad
973 2807 1255 2844 Valdehuertas
1288 2808 1324 2844 in
1358 2809 1553 2845 montibus
1586 2808 1787 2858 Marianis,

447 2885 503 2925 28
532 2887 644 2923 Mart.
679 2898 710 2921 c.
744 2886 802 2924 ss.l
839 2886 1116 2922 Extremadura
1149 2884 1401 2938 (Schousb.)!
