1919 3199
978 120 1063 158 154

370 253 411 287 In
469 251 664 287 montibus
721 252 1029 297 Legionensibus
1092 264 1168 288 non
1232 253 1364 299 procul
1421 265 1441 289 a
1494 266 1592 301 pago
1649 256 1778 291 Prado

426 330 486 365 del
522 329 616 375 Rey!

256 410 470 445 Hieracium
502 409 743 444 cerinthoicles
778 407 818 442 L.
852 408 960 452 (Lge,
995 419 1077 444 exS.
1113 409 1179 444 Nr.
1213 408 1328 453 294).

369 486 398 520 Ε
433 484 648 521 seminibus
681 485 718 519 in
754 484 949 522 montibus
984 486 1296 532 Legionensibus
1337 486 1445 522 lectis
1477 488 1514 523 in
1545 488 1656 524 horto
1690 489 1773 524 bot.

422 562 525 598 hafn.
557 560 781 601 educatum!

256 642 304 677 H.
338 642 646 687 trichocephalum
680 641 811 677 Willd.

368 717 500 753 Valloe
534 719 581 753 de
615 719 687 765 Lys
722 730 778 765 pr.
812 718 1010 766 Bagnbres
1044 720 1091 755 de
1126 720 1280 756 Luchon
1314 721 1355 765 (7
1388 721 1464 756 Jul.
1499 732 1531 756 c.
1566 721 1642 766 ss.)!

256 797 306 832 H.
338 797 496 834 samatile
527 796 616 832 Vill.

367 875 409 909 In
464 874 660 910 montibus
715 875 899 912 calcareis
955 876 1003 911 ad
1049 876 1262 912 Encinillas
1317 879 1442 922 (prov.
1490 877 1659 922 Burgos)
1716 876 1773 914 18

424 951 508 987 Oct.
543 964 576 992 c.
609 953 673 991 fr.!

255 1032 302 1067 H.
332 1031 651 1078 pulmonarioides
684 1031 774 1067 Vill.

366 1107 498 1144 Valloe
533 1109 579 1144 de
615 1110 687 1155 Lys
720 1121 778 1155 pr.
811 1108 1010 1155 Bagr133res
1044 1110 1091 1146 de
1127 1106 1303 1148 Luchon!

253 1188 300 1222 H.
335 1188 518 1232 anylicum
549 1189 608 1223 Fr.

364 1265 405 1300 In
440 1265 602 1310 rupibus
636 1265 855 1311 subalpinis
889 1265 1031 1301 montis
1063 1266 1303 1302 Medasolles
1337 1267 1491 1313 (Pyren.
1525 1266 1662 1311 Gall.)!

252 1344 300 1377 H.
330 1343 511 1389 pallidum
544 1343 622 1378 Biv.

363 1421 405 1455 In
441 1421 593 1456 ericetis
627 1421 821 1456 montanis
855 1423 902 1457 ad
938 1422 1167 1457 Villafranca
1201 1422 1263 1457 del
1296 1422 1455 1469 Vierzo3
1488 1421 1721 1459 Eneinillas!

254 1500 301 1533 H.
335 1498 565 1535 macilentum
600 1500 656 1533 Fr.
688 1500 796 1546 (Vet.
829 1500 948 1536 Acad.
985 1500 1224 1546 Forhandl.).

364 1576 405 1610 ln
437 1577 591 1612 fissuris
621 1577 772 1623 rupium
802 1589 882 1623 reg.
912 1580 1064 1624 subalp.
1084 1577 1269 1613 montium
1291 1577 1595 1624 Carpetanorum
1629 1577 1771 1621 (Cerro

420 1654 481 1689 del
514 1656 639 1700 aguila
672 1667 791 1702 supra
811 1657 1102 1703 Navaeerrada3
1138 1656 1256 1692 Cerro
1282 1656 1449 1692 Mazotta
1477 1667 1534 1702 pr.
1553 1655 1774 1698 Escorialst

252 1733 302 1767 H.
334 1744 521 1768 murorum
553 1734 593 1770 L.

361 1811 420 1845 Ad
455 1822 593 1857 pagum
614 1813 772 1848 Doncos
797 1812 996 1859 Galleciae3
1030 1814 1086 1848 las
1104 1813 1298 1862 Medolas,
1333 1812 1532 1857 Congosto
1565 1809 1771 1857 (Vierzo)[

251 1889 301 1923 H.
334 1890 525 1935 vulgatum
559 1891 614 1927 Fr.

363 1967 406 2002 In
440 1968 607 2003 dumetis
641 1967 811 2013 regionis
844 1972 1034 2004 montanae
1056 1968 1270 2015 superioris
1296 1968 1343 2003 ad
1364 1968 1514 2003 Vallina
1542 1969 1590 2004 de
1608 1969 1770 2004 Doncos

421 2046 620 2083 Galleciae!

250 2151 270 2172 „
304 2145 353 2151 -
386 2125 586 2173 latifolium
620 2126 677 2160 Fr.

363 2203 408 2238 El
444 2203 580 2238 Castro
613 2202 773 2251 (Leon)!

255 2282 301 2316 H.
336 2285 468 2318 crinito
499 2284 723 2330 proximum,
755 2282 852 2328 forte
880 2291 963 2316 var.
997 2281 1073 2323 (Fr.
1108 2281 1144 2314 in
1178 2280 1286 2325 litt.).

367 2359 407 2393 ln
441 2359 561 2395 muris
594 2359 756 2394 vetustis
790 2357 966 2404 oppiduli
1001 2356 1198 2403 Bagnores
1231 2358 1278 2392 de
1312 2357 1469 2402 Bigorre
1516 2356 1588 2403 (18
1621 2356 1766 2403 Sept.)!

254 2436 364 2474 obs.
429 2438 561 2472 Forma
593 2437 774 2484 insignis,
822 2436 952 2471 habitu
984 2440 1087 2471 certe
1120 2435 1399 2481 speciminibus
1432 2434 1575 2470 italicis
1609 2436 1657 2472 H.
1691 2438 1772 2472 cri·-

310 2517 380 2551 m'ti
410 2514 552 2563 affinis,
601 2515 670 2550 sed
720 2514 871 2550 diversa
918 2514 1018 2550 foliis
1065 2513 1227 2549 caulinis
1274 2512 1537 2561 paucioribus,
1586 2512 1769 2550 achaeniis

312 2593 430 2628 dilute
449 2593 583 2640 fuscis,
619 2604 746 2639 pappo
779 2592 939 2627 sordide
971 2592 1059 2627 albo
1093 2595 1181 2635 (nec
1199 2590 1354 2637 pallidis
1373 2601 1500 2636 pappo
1527 2590 1770 2629 rufescentel

311 2674 383 2705 etc.
459 2671 516 2705 Ab
551 2674 599 2707 H.
628 2674 830 2717 pyrenaico
869 2670 978 2705 Jord.
1020 2669 1123 2705 affini
1164 2668 1284 2713 magis
1325 2667 1483 2717 recedit,
1532 2669 1602 2704 sed
1635 2656 1767 2703 forsan

312 2758 387 2783 non
422 2748 518 2783 satis
551 2747 678 2783 differt
718 2749 764 2783 ab
797 2751 847 2784 H.
879 2748 1108 2795 valdepicoso
1143 2746 1230 2781 Vill.
