1929 3277
912 147 961 185 11

191 285 338 321 Lecidea
368 286 542 331 decipiens
574 281 736 331 (Ehrh.)
770 283 862 318 Ach.
897 282 1063 328 (Biatora
1097 281 1294 327 decipiens
1331 281 1418 325 Fu).

299 364 341 398 ln
374 362 476 399 saxis
509 362 690 398 calcareis
721 362 888 408 passim!

189 442 232 478 L.
265 442 386 478 lurida
416 442 524 485 (Sw.)
556 441 648 477 Ach.
681 441 848 486 (Biatora
881 440 1001 476 lurida
1035 439 1200 482 Stenh.).

300 520 342 555 In
374 520 533 566 rupibus
565 520 748 557 calcareis
781 518 920 554 montis
955 518 1070 554 Cerro
1104 517 1306 553 Coronado
1340 528 1395 562 pr.
1429 513 1596 562 Malaga!

192 599 232 634 L.
263 601 510 646 qeoyraphica
541 599 618 644 (L.)
651 599 792 637 Schaer.

300 677 343 713 In
375 678 534 725 rupibus
567 678 758 724 graniticis
792 677 966 714 Galleciae
998 676 1203 723 frequens!

194 757 232 792 L.
264 760 437 804 contiyua
470 759 525 794 Fr.
560 758 833 803 (acrustacea).

299 837 341 872 In
374 836 532 883 rupibus
566 837 699 873 sehisti
731 836 892 872 arenarii
924 847 981 882 pr.
1016 834 1251 870 Santander!

192 916 231 952 L.
264 915 447 954 calcivora
478 915 640 965 (Ehrh.)
672 916 756 963 Nyl.

302 995 342 1031 {n
374 994 534 1042 rupibus
569 995 750 1031 calcareis
783 995 829 1030 ad
862 994 1029 1040 Malagaz

730 1105 778 1145 ,6.
839 1108 1114 1153 Pymnoidei.

188 1187 435 1235 Endocarpon
467 1188 622 1236 Guepim'
652 1188 782 1232 Moug.

299 1268 339 1303 In
371 1267 531 1313 rupibus
564 1266 746 1302 calcareis
779 1267 825 1302 ad
857 1265 1026 1311 Malaga!

190 1346 234 1382 E.
266 1349 456 1383 miniatum
487 1347 602 1393 (Sm.)
634 1346 728 1383 Ach.

298 1426 343 1462 In
375 1425 534 1472 rupibus
568 1436 644 1471 reg.
677 1426 749 1471 alp.
785 1425 916 1471 Pyren.
950 1424 1030 1469 (Pie
1063 1422 1227 1469 Secirffl!

243 1530 270 1553 7,
329 1517 409 1542 var.
443 1503 695 1553 complicatum
721 1505 778 1540 Fr.

298 1584 341 1619 In
373 1584 533 1631 rupibus
566 1595 645 1630 reg.
678 1585 753 1630 alp.
787 1584 920 1630 Pyren.
955 1583 1066 1629 Hisp.
1101 1582 1192 1617 infra
1228 1582 1315 1617 Port
1347 1581 1393 1617 de
1426 1581 1651 1628 Benasque!

190 1664 233 1699 E.
265 1666 447 1712 rufescens
478 1665 571 1701 Ach.

297 1745 338 1779 In
371 1743 530 1791 rupibus
563 1742 743 1779 calcareis
776 1742 914 1778 montis
949 1741 1065 1778 Cerro
1100 1741 1303 1777 Coronado
1337 1751 1392 1788 pr.
1426 1741 1593 1787 Malaga!

779 1887 841 1928 ΙΙΙ.
900 1887 1094 1939 nepaticae.

653 1966 832 2020 (determ.
866 1970 936 2005 cel.
969 1970 1013 2004 E.
1036 1969 1217 2016 Hampe.)

786 2072 806 2109 1
814 2097 822 2106 .
885 2073 912 2108 R
922 2074 936 2108 i
947 2084 962 2108 c
973 2084 988 2108 c
998 2074 1011 2108 2'
1021 2084 1036 2108 e
1047 2084 1086 2108 ω.

193 2152 315 2188 Riccia
345 2153 585 2197 chrystallina
616 2152 656 2189 L.

303 2231 345 2265 ln
379 2230 578 2276 paludosis
610 2231 657 2266 ad
689 2230 961 2266 monasterium
997 2229 1062 2265 Sti.
1097 2229 1286 2265 Laurentii
1320 2227 1555 2276 (Escorial)1

194 2312 234 2346 R.
269 2309 455 2347 lamellosa
487 2310 621 2345 Raddi.

303 2390 343 2425 In
377 2389 563 2435 Hispania
596 2388 751 2425 australi
785 2388 958 2434 pluribus
992 2387 1087 2424 locis
1120 2400 1151 2423 v·
1185 2399 1217 2423 c.
1251 2388 1297 2423 ad
1332 2387 1451 2433 pedes
1500 2386 1680 2422 montium

359 2469 616 2506 Marianorum
657 2479 713 2514 pr.
748 2467 946 2512 Cordobag
988 2467 1245 2513 Monteagudo
1289 2478 1344 2513 pr.
1392 2465 1599 2512 Murciam3
1647 2465 1680 2500 la

362 2548 571 2584 Cortadura
603 2547 640 2582 in
671 2547 813 2583 isthmo
848 2545 1057 2583 Gaditano!

708 2659 746 2698 2.
807 2661 1163 2696 Anthoceroteae.

197 2742 412 2777 Anthoceros
445 2742 542 2777 loevis
575 2741 615 2777 L.

308 2819 350 2854 In
383 2819 541 2866 rupibus
575 2820 668 2856 loeis
700 2819 864 2865 irrigatis
897 2820 942 2854 ad
989 2818 1120 2866 oppid.
1157 2819 1258 2865 Lugo
1294 2817 1468 2854 Galleeiae
1507 2817 1576 2861 (28
1607 2817 1682 2853 Jul.

365 2898 539 2943 fruetis.)!
