1919 3199
933 91 1014 131 312

333 230 379 264 ad
412 229 462 266 M.
495 230 718 264 moschatam
764 238 876 273 quam
924 227 970 262 ad
1011 227 1063 264 M.
1100 225 1263 272 Aloeam,
1306 236 1325 260 a
1359 235 1433 271 qua
1474 222 1602 259 differt
1643 234 1729 258 car·-

335 307 447 353 pellis
480 306 650 354 laevibus,
684 305 790 351 apice
809 305 972 354 villosis,
1006 305 1132 351 calyce
1166 305 1318 339 demum
1350 302 1729 338 vesiculoso-accre-

333 389 491 434 scente,
543 383 683 419 foliolis
723 383 882 430 calyculi
921 387 1084 429 anguste
1120 381 1367 430 lanceolatis‚
1416 380 1553 427 petalis
1602 380 1728 416 mino-

333 463 455 499 ribus.

223 555 348 592 Malva
380 556 567 590 moschata
596 565 676 589 var.
712 553 966 588 Ramondiana
1000 549 1117 586 Gren.
1152 554 1188 585 et
1221 549 1340 586 Godr.

334 633 545 669 Encinillas
579 632 703 677 (prov.
737 627 923 679 Burgos),
960 628 1010 667 18
1042 628 1127 665 Oct.
1161 640 1192 665 c.
1228 630 1264 665 ss.
1299 631 1336 663 et
1366 623 1432 664 fr.!

249 739 268 760 „
307 725 386 749 var.
426 710 668 758 qerane'ifolia
714 706 784 759 (M.
825 707 1060 754 geraniifolia
1100 708 1134 745 J.
1171 707 1250 753 Gay
1294 706 1331 742 in
1379 707 1458 742 DR.
1507 705 1558 752 pl.
1599 707 1729 743 Astur.

335 802 433 839 exs.‚
467 791 512 826 cf.
544 789 624 825 DR.
657 788 695 823 in
728 788 867 833 Bourg.
902 788 952 834 pl.
987 787 1099 833 Hisp.
1134 785 1257 834 1864,
1290 786 1336 821 N.
1369 782 1517 829 2625st

337 871 561 905 villafranca
596 872 629 902 et
663 866 837 902 Cubillos
871 865 1048 917 (Vierzo)
1080 866 1156 902 Jul.
1191 876 1223 901 c·
1257 864 1294 900 ss.
1329 868 1365 900 et
1396 860 1464 901 fr.!

223 961 274 997 M.
308 960 466 997 Morenii
499 957 634 993 Pollin.
669 955 721 1000 (2)

335 1039 391 1073 Ad
425 1047 541 1084 sepes
575 1047 694 1082 prope
727 1046 866 1082 pagum
900 1036 1056 1071 Doncns
1092 1033 1284 1082 Galleciae,
1316 1031 1370 1071 23
1401 1033 1478 1070 Jul.
1512 1043 1544 1068 c.
1579 1027 1639 1069 fl.!

251 1128 363 1165 obs.
426 1127 643 1174 Specimina
675 1138 694 1162 a
728 1137 786 1161 me
820 1126 915 1160 lecta
953 1125 1053 1161 haud
1089 1125 1184 1160 male
1217 1123 1449 1159 conveniunt
1490 1133 1573 1158 cum
1607 1121 1728 1167 figura

335 1205 629 1242 Reicbcnbacbii
677 1205 720 1249 (Ι.
760 1217 792 1240 c.
832 1203 959 1249 4844)
1003 1208 1039 1239 et
1077 1215 1161 1239 cum
1211 1202 1491 1250 speciminibus
1532 1200 1733 1236 Panormi-

334 1284 431 1320 tanis
481 1295 562 1331 quae
609 1284 681 1319 vidi
728 1283 764 1319 in
813 1282 990 1318 herbario
1040 1282 1300 1318 Cossoniano.
1385 1282 1415 1316 A
1463 1281 1514 1318 M.
1547 1281 1735 1316 mosellam

334 1363 523 1410 praecipue
557 1362 789 1399 discernitur
827 1361 1007 1407 carpellis
1052 1360 1316 1407 glaberrimis3
1364 1360 1400 1395 in
1442 1359 1569 1405 planta
1615 1370 1633 1393 a
1673 1370 1732 1394 me

334 1442 430 1478 lecta
463 1446 587 1478 autem
622 1442 765 1477 fructus
800 1441 971 1476 nondum
1005 1443 1300 1486 maturaverant.
1350 1450 1468 1486 quare
1502 1442 1730 1474 structuram

334 1532 465 1556 eorum
498 1532 515 1556 a
544 1522 614 1556 cel.
650 1520 778 1555 Willk.
814 1518 932 1568 [Pug.
968 1531 1004 1566 p.
1024 1518 1095 1561 94)
1129 1518 1362 1565 descriptam
1395 1528 1618 1564 comparare
1653 1528 1729 1552 non

335 1600 454 1647 potui.
521 1600 645 1646 Magis
685 1599 831 1635 recedit
869 1611 888 1634 a
929 1600 979 1637 M.
1015 1599 1140 1647 Αἰεεα,
1190 1604 1264 1633 tam
1314 1601 1391 1633 toto
1439 1596 1569 1632 habitu
1616 1607 1729 1643 quam

335 1678 475 1714 foliolis
509 1678 667 1726 calyculi
700 1677 1152 1714 lanceolam-linearibus
1186 1681 1259 1712 etc.

223 1772 272 1808 M.
307 1773 502 1809 Colmeiroi
535 1768 662 1805 Willk.
697 1768 790 1814 Pug.
824 1779 861 1814 p.
894 1766 959 1806 93.

333 1850 390 1885 Ad
438 1860 554 1895 sepes
604 1858 723 1895 prope
770 1848 874 1892 Lugo
922 1846 1098 1882 Galleciae
1143 1846 1361 1895 frequens,
1415 1844 1470 1884 28
1501 1845 1577 1881 Jul.
1626 1856 1659 1881 c.
1695 1845 1731 1880 ss.

391 1932 428 1964 et
459 1924 525 1965 fn!

249 2047 267 2066 ,7
299 2020 339 2068 β,
372 2021 505 2067 minor,
539 2016 705 2066 gracilis,
739 2016 977 2064 spithamaea‚
1011 2014 1111 2051 foliis
1149 2014 1380 2062 profundius
1414 2013 1548 2064 sectis,
1584 2012 1731 2049 laciniis

332 2101 493 2144 anguste
539 2095 764 2131 linearibus.

388 2176 431 2211 In
465 2174 616 2211 ericetis
650 2173 850 2209 maritimis
884 2173 930 2209 ad
964 2174 998 2208 la
1032 2172 1197 2220 Corufia,
1245 2171 1297 2210 10
1328 2172 1425 2218 Aug.
1458 2181 1490 2206 c.
1525 2171 1562 2206 ss.
1597 2174 1633 2206 et
1665 2167 1732 2207 fr.!

251 2266 364 2302 Obs.
434 2264 624 2311 Carpeilis
671 2263 814 2309 glabris
868 2263 946 2298 haec
1000 2262 1129 2309 planta
1183 2262 1331 2298 accedit
1377 2262 1423 2297 ad
1471 2261 1522 2298 M.
1557 2261 1730 2308 Memmii,

334 2355 497 2391 quacum
544 2346 645 2378 arcte
692 2343 933 2388 conjunctam
975 2345 1107 2376 censet
1147 2341 1217 2379 cel.
1252 2340 1496 2389 Willkomm‚
1543 2342 1730 2389 ceterum,

333 2434 392 2458 me
429 2421 581 2470 judice,
630 2421 747 2456 multo
789 2420 909 2466 magis
944 2430 1058 2466 quam
1090 2420 1136 2455 ad
1170 2420 1286 2455 ullam
1319 2419 1429 2454 aliam
1463 2417 1634 2464 speciem
1667 2429 1732 2453 ac-

333 2500 434 2536 cedit
481 2500 526 2535 ad
568 2500 619 2537 M.
663 2501 1030 2547 Tournefortianam,
1079 2502 1115 2533 et
1160 2498 1288 2533 forsan
1337 2498 1451 2544 hujus
1499 2497 1731 2544 subspecies

333 2579 461 2625 potius
495 2589 608 2624 quam
642 2578 794 2624 species
828 2577 1007 2614 distincta
1040 2576 1218 2613 habenda
1252 2580 1324 2612 est.

223 2669 273 2707 M.
309 2670 619 2715 Tournefortiana
653 2669 691 2704 L.

335 2747 378 2782 In
410 2747 555 2792 campis
589 2746 701 2782 siccis
735 2747 781 2782 ad
816 2747 1032 2782 Benavente
1066 2745 1248 2795 (nCastell.
1277 2745 1392 2792 vet.);
1424 2744 1523 2781 inter
1555 2744 1729 2781 Escoria!

392 2829 428 2860 et
461 2825 741 2862 Guadarrama!
