<?xml version="1.0" encoding="UTF-8"?>
<!DOCTYPE html PUBLIC "-//W3C//DTD XHTML 1.0 Transitional//EN"
    "http://www.w3.org/TR/xhtml1/DTD/xhtml1-transitional.dtd">
<html xmlns="http://www.w3.org/1999/xhtml" xml:lang="en" lang="en">
 <head>
  <title>
</title>
<meta http-equiv="Content-Type" content="text/html;charset=utf-8" />
  <meta name='ocr-system' content='tesseract 3.04.00' />
  <meta name='ocr-capabilities' content='ocr_page ocr_carea ocr_par ocr_line ocrx_word'/>
</head>
<body>
  <div class='ocr_page' id='page_1' title='image "./pugillusplantaru1860lang_0388.png"; bbox 0 0 1919 3199; ppageno 0'>
   <div class='ocr_carea' id='block_1_1' title="bbox 975 151 1058 189">
    <p class='ocr_par' dir='ltr' id='par_1_1' title="bbox 975 151 1058 189">
     <span class='ocr_line' id='line_1_1' title="bbox 975 151 1058 189; baseline 0 0"><span class='ocrx_word' id='word_1_1' title='bbox 975 151 1058 189; x_wconf 78' lang='lat'>374</span> 
     </span>
    </p>
   </div>
   <div class='ocr_carea' id='block_1_2' title="bbox 261 284 1773 2916">
    <p class='ocr_par' dir='ltr' id='par_1_2' title="bbox 370 284 1767 801">
     <span class='ocr_line' id='line_1_2' title="bbox 373 284 1766 333; baseline 0.001 -13"><span class='ocrx_word' id='word_1_2' title='bbox 373 286 538 332; x_wconf 80' lang='lat' dir='ltr'>plantam</span> <span class='ocrx_word' id='word_1_3' title='bbox 572 295 680 320; x_wconf 89' lang='lat' dir='ltr'>suam</span> <span class='ocrx_word' id='word_1_4' title='bbox 713 295 878 319; x_wconf 81' lang='lat' dir='ltr'>annuam</span> <span class='ocrx_word' id='word_1_5' title='bbox 905 295 995 320; x_wconf 88' lang='lat' dir='ltr'>esse</span> <span class='ocrx_word' id='word_1_6' title='bbox 1022 284 1127 333; x_wconf 75' lang='lat' dir='ltr'>dicit,</span> <span class='ocrx_word' id='word_1_7' title='bbox 1154 287 1286 320; x_wconf 86' lang='lat' dir='ltr'>nostra</span> <span class='ocrx_word' id='word_1_8' title='bbox 1313 289 1437 319; x_wconf 84' lang='lat' dir='ltr'>autem</span> <span class='ocrx_word' id='word_1_9' title='bbox 1457 285 1639 330; x_wconf 88' lang='lat' dir='ltr'>perennis</span> <span class='ocrx_word' id='word_1_10' title='bbox 1658 285 1766 322; x_wconf 90' lang='lat' dir='ltr'>vide-</span> 
     </span>
     <span class='ocr_line' id='line_1_3' title="bbox 371 361 1766 412; baseline 0.001 -14"><span class='ocrx_word' id='word_1_11' title='bbox 371 367 445 412; x_wconf 76' lang='lat' dir='ltr'>tur,</span> <span class='ocrx_word' id='word_1_12' title='bbox 478 363 547 398; x_wconf 87' lang='lat' dir='ltr'>sed</span> <span class='ocrx_word' id='word_1_13' title='bbox 580 363 690 398; x_wconf 91' lang='lat' dir='ltr'>valde</span> <span class='ocrx_word' id='word_1_14' title='bbox 722 362 880 398; x_wconf 90' lang='lat' dir='ltr'>dubium</span> <span class='ocrx_word' id='word_1_15' title='bbox 919 362 1081 407; x_wconf 89' lang='lat' dir='ltr'>videtur,</span> <span class='ocrx_word' id='word_1_16' title='bbox 1122 373 1167 397; x_wconf 87' lang='lat' dir='ltr'>an</span> <span class='ocrx_word' id='word_1_17' title='bbox 1210 361 1413 408; x_wconf 90' lang='lat' dir='ltr'>primarius</span> <span class='ocrx_word' id='word_1_18' title='bbox 1455 365 1495 398; x_wconf 82' lang='grc' dir='ltr'>Α.</span> <span class='ocrx_word' id='word_1_19' title='bbox 1537 365 1766 412; x_wconf 66' lang='grc' dir='ltr'>Ιιρψοῃῑοιιὶε</span> 
     </span>
     <span class='ocr_line' id='line_1_4' title="bbox 375 440 1766 489; baseline 0.001 -14"><span class='ocrx_word' id='word_1_20' title='bbox 375 440 512 476; x_wconf 83' lang='lat' dir='ltr'>Linnaei</span> <span class='ocrx_word' id='word_1_21' title='bbox 546 441 618 476; x_wconf 87' lang='lat' dir='ltr'>huc</span> <span class='ocrx_word' id='word_1_22' title='bbox 651 452 806 487; x_wconf 89' lang='lat' dir='ltr'>quoque</span> <span class='ocrx_word' id='word_1_23' title='bbox 838 440 969 475; x_wconf 86' lang='lat' dir='ltr'>referri</span> <span class='ocrx_word' id='word_1_24' title='bbox 1003 440 1142 489; x_wconf 77' lang='lat' dir='ltr'>possit⁷</span> <span class='ocrx_word' id='word_1_25' title='bbox 1175 441 1287 475; x_wconf 88' lang='lat' dir='ltr'>verba</span> <span class='ocrx_word' id='word_1_26' title='bbox 1316 440 1415 476; x_wconf 89' lang='lat' dir='ltr'>enim</span> <span class='ocrx_word' id='word_1_27' title='bbox 1442 440 1479 476; x_wconf 88' lang='lat' dir='ltr'>in</span> <span class='ocrx_word' id='word_1_28' title='bbox 1507 441 1766 487; x_wconf 75' lang='lat' dir='ltr'>descriptione</span> 
     </span>
     <span class='ocr_line' id='line_1_5' title="bbox 373 514 1766 569; baseline 0.001 -15"><span class='ocrx_word' id='word_1_29' title='bbox 373 519 572 554; x_wconf 87' lang='lat' dir='ltr'>Linnaeana</span> <span class='ocrx_word' id='word_1_30' title='bbox 606 519 745 566; x_wconf 83' lang='lat' dir='ltr'>„flores</span> <span class='ocrx_word' id='word_1_31' title='bbox 778 519 814 554; x_wconf 91' lang='lat' dir='ltr'>in</span> <span class='ocrx_word' id='word_1_32' title='bbox 848 518 1013 564; x_wconf 87' lang='lat' dir='ltr'>capitulo</span> <span class='ocrx_word' id='word_1_33' title='bbox 1044 514 1225 565; x_wconf 62' lang='lat'>8—1044.</span> <span class='ocrx_word' id='word_1_34' title='bbox 1254 540 1302 544; x_wconf 86' lang='lat'>—-</span> <span class='ocrx_word' id='word_1_35' title='bbox 1330 519 1545 567; x_wconf 76' lang='lat' dir='ltr'>„legumina</span> <span class='ocrx_word' id='word_1_36' title='bbox 1571 519 1766 569; x_wconf 79' lang='lat' dir='ltr'>replicata,</span> 
     </span>
     <span class='ocr_line' id='line_1_6' title="bbox 371 595 1766 644; baseline 0.001 -12"><span class='ocrx_word' id='word_1_37' title='bbox 371 596 544 632; x_wconf 81' lang='lat' dir='ltr'>acumine</span> <span class='ocrx_word' id='word_1_38' title='bbox 575 597 719 643; x_wconf 87' lang='lat' dir='ltr'>duplici</span> <span class='ocrx_word' id='word_1_39' title='bbox 748 595 953 633; x_wconf 81' lang='lat' dir='ltr'>subulato“</span> <span class='ocrx_word' id='word_1_40' title='bbox 972 597 1071 632; x_wconf 89' lang='lat' dir='ltr'>haud</span> <span class='ocrx_word' id='word_1_41' title='bbox 1087 597 1239 632; x_wconf 88' lang='lat' dir='ltr'>beneiu</span> <span class='ocrx_word' id='word_1_42' title='bbox 1259 602 1432 633; x_wconf 91' lang='lat' dir='ltr'>nostram</span> <span class='ocrx_word' id='word_1_43' title='bbox 1450 597 1621 643; x_wconf 87' lang='lat' dir='ltr'>speciem</span> <span class='ocrx_word' id='word_1_44' title='bbox 1640 597 1766 644; x_wconf 91' lang='lat' dir='ltr'>appli-</span> 
     </span>
     <span class='ocr_line' id='line_1_7' title="bbox 371 674 1767 720; baseline 0.001 -10"><span class='ocrx_word' id='word_1_45' title='bbox 371 675 446 710; x_wconf 90' lang='lat' dir='ltr'>cari</span> <span class='ocrx_word' id='word_1_46' title='bbox 473 680 652 720; x_wconf 85' lang='lat' dir='ltr'>possunt.</span> <span class='ocrx_word' id='word_1_47' title='bbox 700 675 894 710; x_wconf 88' lang='lat' dir='ltr'>Botanicis</span> <span class='ocrx_word' id='word_1_48' title='bbox 915 674 1125 720; x_wconf 82' lang='lat' dir='ltr'>hispanicis</span> <span class='ocrx_word' id='word_1_49' title='bbox 1144 675 1256 720; x_wconf 85' lang='lat' dir='ltr'>igitur</span> <span class='ocrx_word' id='word_1_50' title='bbox 1273 675 1435 720; x_wconf 84' lang='lat' dir='ltr'>graviter</span> <span class='ocrx_word' id='word_1_51' title='bbox 1460 676 1767 712; x_wconf 88' lang='lat' dir='ltr'>commendanda</span> 
     </span>
     <span class='ocr_line' id='line_1_8' title="bbox 370 753 1767 801; baseline 0.002 -14"><span class='ocrx_word' id='word_1_52' title='bbox 370 758 427 788; x_wconf 86' lang='lat' dir='ltr'>est</span> <span class='ocrx_word' id='word_1_53' title='bbox 444 753 685 798; x_wconf 85' lang='lat' dir='ltr'>investigatio</span> <span class='ocrx_word' id='word_1_54' title='bbox 698 753 902 801; x_wconf 74' lang='lat' dir='ltr'>Astragali‚</span> <span class='ocrx_word' id='word_1_55' title='bbox 916 753 979 800; x_wconf 90' lang='lat' dir='ltr'>qui</span> <span class='ocrx_word' id='word_1_56' title='bbox 993 753 1279 790; x_wconf 76' lang='lat' dir='ltr'>characteribus</span> <span class='ocrx_word' id='word_1_57' title='bbox 1295 754 1507 790; x_wconf 86' lang='lat' dir='ltr'>Liunaeanis</span> <span class='ocrx_word' id='word_1_58' title='bbox 1518 754 1767 801; x_wconf 83' lang='lat' dir='ltr'>respondeat.</span> 
     </span>
    </p>

    <p class='ocr_par' dir='ltr' id='par_1_3' title="bbox 261 832 757 880">
     <span class='ocr_line' id='line_1_9' title="bbox 261 832 757 880; baseline 0 -14"><span class='ocrx_word' id='word_1_59' title='bbox 261 832 478 877; x_wconf 71' lang='lat' dir='ltr'>Astrayalus</span> <span class='ocrx_word' id='word_1_60' title='bbox 504 833 690 880; x_wconf 78' lang='lat' dir='ltr'>epiylottis</span> <span class='ocrx_word' id='word_1_61' title='bbox 716 832 757 867; x_wconf 89' lang='lat' dir='ltr'>L.</span> 
     </span>
    </p>

    <p class='ocr_par' dir='ltr' id='par_1_4' title="bbox 371 909 1767 1034">
     <span class='ocr_line' id='line_1_10' title="bbox 371 909 1767 959; baseline 0.002 -16"><span class='ocrx_word' id='word_1_62' title='bbox 371 909 421 944; x_wconf 92' lang='lat' dir='ltr'>La</span> <span class='ocrx_word' id='word_1_63' title='bbox 456 909 648 957; x_wconf 69' lang='lat' dir='ltr'>Carmina,</span> <span class='ocrx_word' id='word_1_64' title='bbox 684 910 801 946; x_wconf 87' lang='lat' dir='ltr'>Cerro</span> <span class='ocrx_word' id='word_1_65' title='bbox 838 911 1130 957; x_wconf 72' lang='lat' dir='ltr'>Fuendelapefia</span> <span class='ocrx_word' id='word_1_66' title='bbox 1164 921 1220 956; x_wconf 93' lang='lat' dir='ltr'>pr.</span> <span class='ocrx_word' id='word_1_67' title='bbox 1261 911 1373 959; x_wconf 74' lang='lat' dir='ltr'>Jacn,</span> <span class='ocrx_word' id='word_1_68' title='bbox 1415 911 1505 946; x_wconf 90' lang='lat' dir='ltr'>Silla</span> <span class='ocrx_word' id='word_1_69' title='bbox 1553 910 1613 946; x_wconf 90' lang='lat' dir='ltr'>del</span> <span class='ocrx_word' id='word_1_70' title='bbox 1655 909 1767 947; x_wconf 92' lang='lat' dir='ltr'>Moro</span> 
     </span>
     <span class='ocr_line' id='line_1_11' title="bbox 428 985 721 1034; baseline 0.01 -11"><span class='ocrx_word' id='word_1_71' title='bbox 428 999 485 1034; x_wconf 88' lang='lat' dir='ltr'>pr.</span> <span class='ocrx_word' id='word_1_72' title='bbox 521 985 721 1027; x_wconf 81' lang='lat' dir='ltr'>Granada!</span> 
     </span>
    </p>

    <p class='ocr_par' dir='ltr' id='par_1_5' title="bbox 287 1065 1768 1273">
     <span class='ocr_line' id='line_1_12' title="bbox 287 1065 1768 1116; baseline 0.002 -14"><span class='ocrx_word' id='word_1_73' title='bbox 287 1093 307 1114; x_wconf 52' lang='grc' dir='ltr'>ᾖ</span> <span class='ocrx_word' id='word_1_74' title='bbox 339 1067 378 1114; x_wconf 66' lang='grc' dir='ltr'>ρ’,</span> <span class='ocrx_word' id='word_1_75' title='bbox 412 1066 601 1114; x_wconf 73' lang='lat' dir='ltr'>lonqipes!</span> <span class='ocrx_word' id='word_1_76' title='bbox 633 1068 693 1110; x_wconf 83' lang='lat' dir='ltr'>(A.</span> <span class='ocrx_word' id='word_1_77' title='bbox 727 1067 1000 1114; x_wconf 83' lang='lat' dir='ltr'>epiglottoides</span> <span class='ocrx_word' id='word_1_78' title='bbox 1036 1067 1163 1102; x_wconf 89' lang='lat' dir='ltr'>Willk.</span> <span class='ocrx_word' id='word_1_79' title='bbox 1199 1067 1282 1102; x_wconf 90' lang='lat' dir='ltr'>Bot.</span> <span class='ocrx_word' id='word_1_80' title='bbox 1318 1067 1410 1103; x_wconf 90' lang='lat' dir='ltr'>Zeit.</span> <span class='ocrx_word' id='word_1_81' title='bbox 1447 1065 1568 1116; x_wconf 78' lang='lat'><strong>1847,</strong></span> <span class='ocrx_word' id='word_1_82' title='bbox 1603 1078 1639 1113; x_wconf 88' lang='lat' dir='ltr'>p.</span> <span class='ocrx_word' id='word_1_83' title='bbox 1672 1066 1768 1116; x_wconf 78' lang='lat'>428,</span> 
     </span>
     <span class='ocr_line' id='line_1_13' title="bbox 371 1144 681 1191; baseline 0 -12"><span class='ocrx_word' id='word_1_84' title='bbox 371 1145 464 1190; x_wconf 81' lang='lat' dir='ltr'>Pug.</span> <span class='ocrx_word' id='word_1_85' title='bbox 498 1156 535 1191; x_wconf 89' lang='lat' dir='ltr'>p.</span> <span class='ocrx_word' id='word_1_86' title='bbox 571 1144 681 1189; x_wconf 73' lang='grc'>132).</span> 
     </span>
     <span class='ocr_line' id='line_1_14' title="bbox 374 1222 1725 1273; baseline 0.001 -16"><span class='ocrx_word' id='word_1_87' title='bbox 374 1223 413 1258; x_wconf 92' lang='lat' dir='ltr'>ln</span> <span class='ocrx_word' id='word_1_88' title='bbox 448 1227 575 1258; x_wconf 91' lang='lat' dir='ltr'>monte</span> <span class='ocrx_word' id='word_1_89' title='bbox 609 1223 735 1259; x_wconf 88' lang='lat' dir='ltr'>Sierra</span> <span class='ocrx_word' id='word_1_90' title='bbox 769 1224 893 1259; x_wconf 81' lang='lat' dir='ltr'>Elvira</span> <span class='ocrx_word' id='word_1_91' title='bbox 928 1235 982 1270; x_wconf 85' lang='lat' dir='ltr'>pr.</span> <span class='ocrx_word' id='word_1_92' title='bbox 1019 1223 1212 1273; x_wconf 71' lang='lat' dir='ltr'>Granada,</span> <span class='ocrx_word' id='word_1_93' title='bbox 1245 1222 1300 1261; x_wconf 79' lang='grc'>24</span> <span class='ocrx_word' id='word_1_94' title='bbox 1328 1225 1419 1269; x_wconf 84' lang='lat' dir='ltr'>Apr.</span> <span class='ocrx_word' id='word_1_95' title='bbox 1453 1234 1484 1259; x_wconf 93' lang='lat' dir='ltr'>c.</span> <span class='ocrx_word' id='word_1_96' title='bbox 1518 1223 1555 1258; x_wconf 88' lang='lat' dir='ltr'>fl.</span> <span class='ocrx_word' id='word_1_97' title='bbox 1590 1227 1626 1260; x_wconf 88' lang='lat' dir='ltr'>et</span> <span class='ocrx_word' id='word_1_98' title='bbox 1657 1223 1725 1260; x_wconf 82' lang='lat' dir='ltr'>fr.l</span> 
     </span>
    </p>

    <p class='ocr_par' dir='ltr' id='par_1_6' title="bbox 290 1301 1773 2054">
     <span class='ocr_line' id='line_1_15' title="bbox 290 1301 1769 1352; baseline 0.002 -16"><span class='ocrx_word' id='word_1_99' title='bbox 290 1301 401 1337; x_wconf 91' lang='lat' dir='ltr'>Obs.</span> <span class='ocrx_word' id='word_1_100' title='bbox 465 1302 682 1347; x_wconf 88' lang='lat' dir='ltr'>Specimina</span> <span class='ocrx_word' id='word_1_101' title='bbox 715 1313 734 1336; x_wconf 91' lang='lat' dir='ltr'>a</span> <span class='ocrx_word' id='word_1_102' title='bbox 767 1313 826 1337; x_wconf 91' lang='lat' dir='ltr'>me</span> <span class='ocrx_word' id='word_1_103' title='bbox 861 1303 955 1337; x_wconf 85' lang='lat' dir='ltr'>lecta</span> <span class='ocrx_word' id='word_1_104' title='bbox 997 1302 1152 1337; x_wconf 89' lang='lat' dir='ltr'>omuino</span> <span class='ocrx_word' id='word_1_105' title='bbox 1192 1301 1426 1338; x_wconf 85' lang='lat' dir='ltr'>conveniunt</span> <span class='ocrx_word' id='word_1_106' title='bbox 1464 1313 1548 1337; x_wconf 90' lang='lat' dir='ltr'>cum</span> <span class='ocrx_word' id='word_1_107' title='bbox 1599 1304 1642 1338; x_wconf 82' lang='lat' dir='ltr'>A.</span> <span class='ocrx_word' id='word_1_108' title='bbox 1683 1305 1769 1352; x_wconf 85' lang='lat' dir='ltr'>epi-</span> 
     </span>
     <span class='ocr_line' id='line_1_16' title="bbox 371 1378 1770 1429; baseline 0.001 -14"><span class='ocrx_word' id='word_1_109' title='bbox 371 1378 547 1426; x_wconf 75' lang='lat' dir='ltr'>9l0ttoz&#39;de</span> <span class='ocrx_word' id='word_1_110' title='bbox 582 1380 728 1429; x_wconf 76' lang='lat' dir='ltr'>Willk.,</span> <span class='ocrx_word' id='word_1_111' title='bbox 763 1392 807 1415; x_wconf 87' lang='lat' dir='ltr'>ex</span> <span class='ocrx_word' id='word_1_112' title='bbox 841 1380 1118 1426; x_wconf 85' lang='lat' dir='ltr'>speciminibus</span> <span class='ocrx_word' id='word_1_113' title='bbox 1151 1381 1196 1415; x_wconf 87' lang='lat' dir='ltr'>ab</span> <span class='ocrx_word' id='word_1_114' title='bbox 1230 1385 1361 1416; x_wconf 86' lang='lat' dir='ltr'>autore</span> <span class='ocrx_word' id='word_1_115' title='bbox 1405 1391 1553 1416; x_wconf 90' lang='lat' dir='ltr'>mecum</span> <span class='ocrx_word' id='word_1_116' title='bbox 1587 1381 1770 1416; x_wconf 86' lang='lat' dir='ltr'>benevole</span> 
     </span>
     <span class='ocr_line' id='line_1_17' title="bbox 373 1456 1772 1507; baseline 0.001 -14"><span class='ocrx_word' id='word_1_117' title='bbox 373 1458 678 1494; x_wconf 87' lang='lat' dir='ltr'>communicatis.</span> <span class='ocrx_word' id='word_1_118' title='bbox 722 1459 811 1494; x_wconf 86' lang='lat' dir='ltr'>Haec</span> <span class='ocrx_word' id='word_1_119' title='bbox 830 1459 946 1494; x_wconf 87' lang='lat' dir='ltr'>forma</span> <span class='ocrx_word' id='word_1_120' title='bbox 968 1458 1198 1504; x_wconf 83' lang='lat' dir='ltr'>pedunculis</span> <span class='ocrx_word' id='word_1_121' title='bbox 1225 1459 1431 1507; x_wconf 79' lang='lat' dir='ltr'>elongatiS,</span> <span class='ocrx_word' id='word_1_122' title='bbox 1461 1456 1772 1505; x_wconf 55' lang='lat' dir='ltr'>1¹s2n2-pollica-</span> 
     </span>
     <span class='ocr_line' id='line_1_18' title="bbox 375 1535 1772 1585; baseline 0.001 -15"><span class='ocrx_word' id='word_1_123' title='bbox 375 1535 496 1585; x_wconf 80' lang='lat' dir='ltr'>ribus⁷</span> <span class='ocrx_word' id='word_1_124' title='bbox 516 1537 682 1582; x_wconf 87' lang='lat' dir='ltr'>capitulo</span> <span class='ocrx_word' id='word_1_125' title='bbox 704 1537 889 1573; x_wconf 83' lang='lat' dir='ltr'>deflorato</span> <span class='ocrx_word' id='word_1_126' title='bbox 910 1537 1277 1585; x_wconf 77' lang='lat' dir='ltr'>spicato-elongato,</span> <span class='ocrx_word' id='word_1_127' title='bbox 1306 1537 1415 1573; x_wconf 85' lang='lat' dir='ltr'>valde</span> <span class='ocrx_word' id='word_1_128' title='bbox 1435 1537 1589 1583; x_wconf 87' lang='lat' dir='ltr'>quidem</span> <span class='ocrx_word' id='word_1_129' title='bbox 1611 1536 1736 1573; x_wconf 81' lang='lat' dir='ltr'>differt</span> <span class='ocrx_word' id='word_1_130' title='bbox 1753 1549 1772 1572; x_wconf 92' lang='lat' dir='ltr'>a</span> 
     </span>
     <span class='ocr_line' id='line_1_19' title="bbox 375 1615 1773 1665; baseline 0.003 -16"><span class='ocrx_word' id='word_1_131' title='bbox 375 1615 493 1650; x_wconf 87' lang='lat' dir='ltr'>forma</span> <span class='ocrx_word' id='word_1_132' title='bbox 525 1615 668 1661; x_wconf 85' lang='lat' dir='ltr'>vulgari</span> <span class='ocrx_word' id='word_1_133' title='bbox 695 1618 738 1652; x_wconf 89' lang='lat' dir='ltr'>A.</span> <span class='ocrx_word' id='word_1_134' title='bbox 769 1616 1022 1665; x_wconf 75' lang='lat' dir='ltr'>epiglottidis,</span> <span class='ocrx_word' id='word_1_135' title='bbox 1050 1616 1108 1651; x_wconf 86' lang='lat' dir='ltr'>vix</span> <span class='ocrx_word' id='word_1_136' title='bbox 1135 1620 1259 1651; x_wconf 87' lang='lat' dir='ltr'>tamen</span> <span class='ocrx_word' id='word_1_137' title='bbox 1287 1616 1419 1664; x_wconf 80' lang='lat' dir='ltr'>credo,</span> <span class='ocrx_word' id='word_1_138' title='bbox 1452 1616 1614 1652; x_wconf 88' lang='lat' dir='ltr'>eandem</span> <span class='ocrx_word' id='word_1_139' title='bbox 1643 1617 1773 1663; x_wconf 90' lang='lat' dir='ltr'>speci-</span> 
     </span>
     <span class='ocr_line' id='line_1_20' title="bbox 377 1694 1773 1743; baseline 0.002 -14"><span class='ocrx_word' id='word_1_140' title='bbox 377 1694 447 1729; x_wconf 88' lang='lat' dir='ltr'>fice</span> <span class='ocrx_word' id='word_1_141' title='bbox 481 1706 570 1730; x_wconf 87' lang='lat' dir='ltr'>esse</span> <span class='ocrx_word' id='word_1_142' title='bbox 603 1695 843 1743; x_wconf 82' lang='lat' dir='ltr'>distinctam,</span> <span class='ocrx_word' id='word_1_143' title='bbox 878 1706 962 1730; x_wconf 88' lang='lat' dir='ltr'>eum</span> <span class='ocrx_word' id='word_1_144' title='bbox 997 1694 1109 1730; x_wconf 87' lang='lat' dir='ltr'>etiam</span> <span class='ocrx_word' id='word_1_145' title='bbox 1143 1695 1178 1730; x_wconf 92' lang='lat' dir='ltr'>in</span> <span class='ocrx_word' id='word_1_146' title='bbox 1223 1694 1308 1730; x_wconf 89' lang='lat' dir='ltr'>aliis</span> <span class='ocrx_word' id='word_1_147' title='bbox 1342 1696 1534 1741; x_wconf 83' lang='lat' dir='ltr'>Astragali</span> <span class='ocrx_word' id='word_1_148' title='bbox 1567 1696 1773 1742; x_wconf 87' lang='lat' dir='ltr'>speciebus</span> 
     </span>
     <span class='ocr_line' id='line_1_21' title="bbox 376 1772 1772 1823; baseline 0.004 -17"><span class='ocrx_word' id='word_1_149' title='bbox 376 1772 574 1817; x_wconf 85' lang='lat' dir='ltr'>longitudo</span> <span class='ocrx_word' id='word_1_150' title='bbox 617 1773 823 1819; x_wconf 89' lang='lat' dir='ltr'>pedunculi</span> <span class='ocrx_word' id='word_1_151' title='bbox 864 1773 1058 1808; x_wconf 90' lang='lat' dir='ltr'>variabilis</span> <span class='ocrx_word' id='word_1_152' title='bbox 1099 1778 1171 1823; x_wconf 74' lang='lat' dir='ltr'>est,</span> <span class='ocrx_word' id='word_1_153' title='bbox 1213 1778 1249 1808; x_wconf 89' lang='lat' dir='ltr'>et</span> <span class='ocrx_word' id='word_1_154' title='bbox 1287 1774 1403 1809; x_wconf 85' lang='lat' dir='ltr'>flores</span> <span class='ocrx_word' id='word_1_155' title='bbox 1451 1785 1607 1820; x_wconf 92' lang='lat' dir='ltr'>quoque</span> <span class='ocrx_word' id='word_1_156' title='bbox 1652 1775 1689 1810; x_wconf 90' lang='lat' dir='ltr'>in</span> <span class='ocrx_word' id='word_1_157' title='bbox 1729 1777 1772 1812; x_wconf 89' lang='lat' dir='ltr'>A.</span> 
     </span>
     <span class='ocr_line' id='line_1_22' title="bbox 376 1850 1773 1900; baseline 0.002 -15"><span class='ocrx_word' id='word_1_158' title='bbox 376 1850 614 1896; x_wconf 86' lang='lat' dir='ltr'>epiglottidis</span> <span class='ocrx_word' id='word_1_159' title='bbox 670 1851 790 1886; x_wconf 87' lang='lat' dir='ltr'>forma</span> <span class='ocrx_word' id='word_1_160' title='bbox 831 1851 974 1897; x_wconf 84' lang='lat' dir='ltr'>vulgari</span> <span class='ocrx_word' id='word_1_161' title='bbox 1015 1851 1185 1894; x_wconf 88' lang='lat' dir='ltr'>(brevius</span> <span class='ocrx_word' id='word_1_162' title='bbox 1234 1852 1404 1900; x_wconf 69' lang='lat' dir='ltr'>quidem,</span> <span class='ocrx_word' id='word_1_163' title='bbox 1447 1853 1515 1888; x_wconf 92' lang='lat' dir='ltr'>sed</span> <span class='ocrx_word' id='word_1_164' title='bbox 1560 1852 1773 1899; x_wconf 88' lang='lat' dir='ltr'>evidenter)</span> 
     </span>
     <span class='ocr_line' id='line_1_23' title="bbox 376 1928 1771 1980; baseline 0.002 -16"><span class='ocrx_word' id='word_1_165' title='bbox 376 1928 546 1976; x_wconf 88' lang='lat' dir='ltr'>spicatos</span> <span class='ocrx_word' id='word_1_166' title='bbox 580 1929 668 1979; x_wconf 80' lang='lat' dir='ltr'>vidi,</span> <span class='ocrx_word' id='word_1_167' title='bbox 702 1941 828 1976; x_wconf 90' lang='lat' dir='ltr'>neque</span> <span class='ocrx_word' id='word_1_168' title='bbox 860 1930 956 1966; x_wconf 85' lang='lat' dir='ltr'>alios</span> <span class='ocrx_word' id='word_1_169' title='bbox 990 1930 1248 1980; x_wconf 76' lang='lat' dir='ltr'>characteres,</span> <span class='ocrx_word' id='word_1_170' title='bbox 1282 1931 1423 1977; x_wconf 88' lang='lat' dir='ltr'>quibus</span> <span class='ocrx_word' id='word_1_171' title='bbox 1454 1931 1771 1980; x_wconf 74' lang='lat' dir='ltr'>distingueretur,</span> 
     </span>
     <span class='ocr_line' id='line_1_24' title="bbox 375 2007 1178 2054; baseline 0.002 -12"><span class='ocrx_word' id='word_1_172' title='bbox 375 2007 412 2042; x_wconf 92' lang='lat' dir='ltr'>in</span> <span class='ocrx_word' id='word_1_173' title='bbox 445 2007 722 2054; x_wconf 87' lang='lat' dir='ltr'>speciminibus</span> <span class='ocrx_word' id='word_1_174' title='bbox 756 2009 980 2044; x_wconf 85' lang='lat' dir='ltr'>examinatis</span> <span class='ocrx_word' id='word_1_175' title='bbox 1015 2009 1178 2045; x_wconf 90' lang='lat' dir='ltr'>invenio.</span> 
     </span>
    </p>

    <p class='ocr_par' dir='ltr' id='par_1_7' title="bbox 263 2087 1549 2214">
     <span class='ocr_line' id='line_1_25' title="bbox 263 2087 741 2133; baseline 0.004 -13"><span class='ocrx_word' id='word_1_176' title='bbox 263 2089 303 2120; x_wconf 79' lang='lat' dir='ltr'>A.</span> <span class='ocrx_word' id='word_1_177' title='bbox 337 2089 603 2133; x_wconf 78' lang='lat' dir='ltr'>cymboecarpos</span> <span class='ocrx_word' id='word_1_178' title='bbox 636 2087 741 2122; x_wconf 89' lang='lat' dir='ltr'>Brot.</span> 
     </span>
     <span class='ocr_line' id='line_1_26' title="bbox 376 2164 1549 2214; baseline 0.001 -13"><span class='ocrx_word' id='word_1_179' title='bbox 376 2166 416 2201; x_wconf 87' lang='lat' dir='ltr'>ln</span> <span class='ocrx_word' id='word_1_180' title='bbox 450 2165 613 2201; x_wconf 90' lang='lat' dir='ltr'>collibus</span> <span class='ocrx_word' id='word_1_181' title='bbox 647 2165 879 2212; x_wconf 86' lang='lat' dir='ltr'>graminosis</span> <span class='ocrx_word' id='word_1_182' title='bbox 912 2166 958 2201; x_wconf 91' lang='lat' dir='ltr'>ad</span> <span class='ocrx_word' id='word_1_183' title='bbox 991 2165 1181 2214; x_wconf 76' lang='lat' dir='ltr'>Escorial,</span> <span class='ocrx_word' id='word_1_184' title='bbox 1217 2164 1267 2203; x_wconf 86' lang='grc'>16</span> <span class='ocrx_word' id='word_1_185' title='bbox 1298 2166 1387 2203; x_wconf 88' lang='lat' dir='ltr'>Jun.</span> <span class='ocrx_word' id='word_1_186' title='bbox 1420 2177 1452 2203; x_wconf 83' lang='lat' dir='ltr'>e.</span> <span class='ocrx_word' id='word_1_187' title='bbox 1486 2166 1549 2202; x_wconf 64' lang='lat' dir='ltr'>fn!</span> 
     </span>
    </p>

    <p class='ocr_par' dir='ltr' id='par_1_8' title="bbox 267 2244 568 2281">
     <span class='ocr_line' id='line_1_27' title="bbox 267 2244 568 2281; baseline 0.007 -3"><span class='ocrx_word' id='word_1_188' title='bbox 267 2245 290 2278; x_wconf 84' lang='grc' dir='ltr'><strong><em>Α</em></strong></span> <span class='ocrx_word' id='word_1_189' title='bbox 325 2245 496 2279; x_wconf 55' lang='lat' dir='ltr'>&#39;carnosus</span> <span class='ocrx_word' id='word_1_190' title='bbox 532 2244 568 2281; x_wconf 90' lang='lat' dir='ltr'>L.</span> 
     </span>
    </p>

    <p class='ocr_par' dir='ltr' id='par_1_9' title="bbox 378 2321 1224 2369">
     <span class='ocr_line' id='line_1_28' title="bbox 378 2321 1224 2369; baseline 0.002 -14"><span class='ocrx_word' id='word_1_191' title='bbox 378 2321 616 2367; x_wconf 78' lang='lat' dir='ltr'>Valladolid3</span> <span class='ocrx_word' id='word_1_192' title='bbox 651 2323 899 2358; x_wconf 87' lang='lat' dir='ltr'>Saeromonte</span> <span class='ocrx_word' id='word_1_193' title='bbox 933 2334 988 2369; x_wconf 90' lang='lat' dir='ltr'>pr.</span> <span class='ocrx_word' id='word_1_194' title='bbox 1025 2323 1224 2358; x_wconf 82' lang='lat' dir='ltr'>Granada!</span> 
     </span>
    </p>

    <p class='ocr_par' dir='ltr' id='par_1_10' title="bbox 291 2400 1771 2685">
     <span class='ocr_line' id='line_1_29' title="bbox 291 2400 1770 2448; baseline 0.001 -13"><span class='ocrx_word' id='word_1_195' title='bbox 291 2427 310 2447; x_wconf 87' lang='lat'>„</span> <span class='ocrx_word' id='word_1_196' title='bbox 342 2401 381 2448; x_wconf 71' lang='grc' dir='ltr'>β,</span> <span class='ocrx_word' id='word_1_197' title='bbox 416 2403 599 2447; x_wconf 79' lang='lat' dir='ltr'>brevipes!</span> <span class='ocrx_word' id='word_1_198' title='bbox 631 2401 875 2446; x_wconf 86' lang='lat' dir='ltr'>pedunculus</span> <span class='ocrx_word' id='word_1_199' title='bbox 907 2401 1122 2436; x_wconf 89' lang='lat' dir='ltr'>communis</span> <span class='ocrx_word' id='word_1_200' title='bbox 1156 2400 1433 2448; x_wconf 76' lang='lat' dir='ltr'>brevissimus,</span> <span class='ocrx_word' id='word_1_201' title='bbox 1474 2400 1770 2446; x_wconf 85' lang='lat' dir='ltr'>semipollicaris</span> 
     </span>
     <span class='ocr_line' id='line_1_30' title="bbox 375 2478 1771 2526; baseline 0.001 -13"><span class='ocrx_word' id='word_1_202' title='bbox 375 2490 407 2513; x_wconf 94' lang='lat' dir='ltr'>v.</span> <span class='ocrx_word' id='word_1_203' title='bbox 445 2478 502 2514; x_wconf 90' lang='lat' dir='ltr'>vix</span> <span class='ocrx_word' id='word_1_204' title='bbox 535 2479 648 2526; x_wconf 76' lang='lat' dir='ltr'>ultra⁷</span> <span class='ocrx_word' id='word_1_205' title='bbox 681 2490 854 2514; x_wconf 86' lang='lat' dir='ltr'>racemus</span> <span class='ocrx_word' id='word_1_206' title='bbox 888 2479 997 2526; x_wconf 86' lang='lat' dir='ltr'>pauci</span> <span class='ocrx_word' id='word_1_207' title='bbox 1030 2479 1291 2526; x_wconf 77' lang='lat' dir='ltr'>(2-3)-ssorus</span> <span class='ocrx_word' id='word_1_208' title='bbox 1326 2479 1420 2523; x_wconf 83' lang='lat' dir='ltr'>(haec</span> <span class='ocrx_word' id='word_1_209' title='bbox 1451 2479 1571 2514; x_wconf 90' lang='lat' dir='ltr'>forma</span> <span class='ocrx_word' id='word_1_210' title='bbox 1597 2479 1771 2515; x_wconf 88' lang='lat' dir='ltr'>nonnihil</span> 
     </span>
     <span class='ocr_line' id='line_1_31' title="bbox 376 2557 1144 2604; baseline 0 -12"><span class='ocrx_word' id='word_1_211' title='bbox 376 2557 422 2592; x_wconf 89' lang='lat' dir='ltr'>ad</span> <span class='ocrx_word' id='word_1_212' title='bbox 456 2560 495 2592; x_wconf 83' lang='lat' dir='ltr'>A.</span> <span class='ocrx_word' id='word_1_213' title='bbox 530 2560 769 2604; x_wconf 77' lang='lat' dir='ltr'>scorpioidem</span> <span class='ocrx_word' id='word_1_214' title='bbox 800 2558 935 2593; x_wconf 89' lang='lat' dir='ltr'>Pourr.</span> <span class='ocrx_word' id='word_1_215' title='bbox 968 2557 1144 2602; x_wconf 69' lang='lat' dir='ltr'>accedit).</span> 
     </span>
     <span class='ocr_line' id='line_1_32' title="bbox 377 2635 1288 2685; baseline 0 -13"><span class='ocrx_word' id='word_1_216' title='bbox 377 2636 418 2672; x_wconf 88' lang='lat' dir='ltr'>ln</span> <span class='ocrx_word' id='word_1_217' title='bbox 451 2635 545 2670; x_wconf 92' lang='lat' dir='ltr'>locis</span> <span class='ocrx_word' id='word_1_218' title='bbox 578 2636 731 2671; x_wconf 88' lang='lat' dir='ltr'>incultis</span> <span class='ocrx_word' id='word_1_219' title='bbox 763 2637 809 2671; x_wconf 92' lang='lat' dir='ltr'>ad</span> <span class='ocrx_word' id='word_1_220' title='bbox 843 2637 954 2685; x_wconf 82' lang='lat' dir='ltr'>Jaen‚</span> <span class='ocrx_word' id='word_1_221' title='bbox 988 2635 1011 2674; x_wconf 84' lang='lat'>5</span> <span class='ocrx_word' id='word_1_222' title='bbox 1043 2636 1133 2682; x_wconf 89' lang='lat' dir='ltr'>Maj.</span> <span class='ocrx_word' id='word_1_223' title='bbox 1166 2647 1196 2670; x_wconf 88' lang='lat' dir='ltr'>c.</span> <span class='ocrx_word' id='word_1_224' title='bbox 1232 2636 1288 2674; x_wconf 83' lang='lat' dir='ltr'>fl.1</span> 
     </span>
    </p>

    <p class='ocr_par' dir='ltr' id='par_1_11' title="bbox 266 2714 706 2752">
     <span class='ocr_line' id='line_1_33' title="bbox 266 2714 706 2752; baseline 0.005 -3"><span class='ocrx_word' id='word_1_225' title='bbox 266 2716 305 2749; x_wconf 82' lang='grc' dir='ltr'>Α.</span> <span class='ocrx_word' id='word_1_226' title='bbox 339 2716 575 2750; x_wconf 80' lang='lat' dir='ltr'>narbonensis</span> <span class='ocrx_word' id='word_1_227' title='bbox 609 2714 706 2752; x_wconf 84' lang='lat' dir='ltr'>Gou.</span> 
     </span>
    </p>

    <p class='ocr_par' dir='ltr' id='par_1_12' title="bbox 378 2791 1543 2840">
     <span class='ocr_line' id='line_1_34' title="bbox 378 2791 1543 2840; baseline 0.002 -14"><span class='ocrx_word' id='word_1_228' title='bbox 378 2792 419 2826; x_wconf 95' lang='lat' dir='ltr'>In</span> <span class='ocrx_word' id='word_1_229' title='bbox 453 2791 615 2827; x_wconf 89' lang='lat' dir='ltr'>collibus</span> <span class='ocrx_word' id='word_1_230' title='bbox 649 2793 851 2838; x_wconf 83' lang='lat' dir='ltr'>gypsaceis</span> <span class='ocrx_word' id='word_1_231' title='bbox 885 2793 930 2828; x_wconf 91' lang='lat' dir='ltr'>ad</span> <span class='ocrx_word' id='word_1_232' title='bbox 965 2793 1170 2840; x_wconf 79' lang='lat' dir='ltr'>Aranjuez,</span> <span class='ocrx_word' id='word_1_233' title='bbox 1201 2791 1254 2829; x_wconf 78' lang='lat'>21</span> <span class='ocrx_word' id='word_1_234' title='bbox 1286 2791 1377 2837; x_wconf 84' lang='lat' dir='ltr'>Maj.</span> <span class='ocrx_word' id='word_1_235' title='bbox 1420 2802 1451 2826; x_wconf 90' lang='lat' dir='ltr'>c.</span> <span class='ocrx_word' id='word_1_236' title='bbox 1486 2791 1543 2828; x_wconf 71' lang='lat' dir='ltr'>[M</span> 
     </span>
    </p>

    <p class='ocr_par' dir='ltr' id='par_1_13' title="bbox 268 2871 730 2916">
     <span class='ocr_line' id='line_1_35' title="bbox 268 2871 730 2916; baseline 0.004 -12"><span class='ocrx_word' id='word_1_237' title='bbox 268 2873 305 2905; x_wconf 68' lang='lat' dir='ltr'>A.</span> <span class='ocrx_word' id='word_1_238' title='bbox 338 2871 659 2916; x_wconf 67' lang='lat' dir='ltr'>mompessulanus</span> <span class='ocrx_word' id='word_1_239' title='bbox 692 2871 730 2907; x_wconf 90' lang='lat' dir='ltr'>L.</span> 
     </span>
    </p>
   </div>
   <div class='ocr_carea' id='block_1_3' title="bbox 379 2945 1274 2994">
    <p class='ocr_par' dir='ltr' id='par_1_14' title="bbox 379 2945 1274 2994">
     <span class='ocr_line' id='line_1_36' title="bbox 379 2945 1274 2994; baseline 0.002 -12"><span class='ocrx_word' id='word_1_240' title='bbox 379 2948 420 2982; x_wconf 90' lang='lat' dir='ltr'>ln</span> <span class='ocrx_word' id='word_1_241' title='bbox 455 2947 622 2983; x_wconf 88' lang='lat' dir='ltr'>Gallecia</span> <span class='ocrx_word' id='word_1_242' title='bbox 655 2948 755 2994; x_wconf 92' lang='lat' dir='ltr'>(loco</span> <span class='ocrx_word' id='word_1_243' title='bbox 789 2959 863 2983; x_wconf 90' lang='lat' dir='ltr'>non</span> <span class='ocrx_word' id='word_1_244' title='bbox 902 2948 1087 2992; x_wconf 89' lang='lat' dir='ltr'>indicato)</span> <span class='ocrx_word' id='word_1_245' title='bbox 1120 2945 1274 2984; x_wconf 88' lang='lat' dir='ltr'>Pourr.!</span> 
     </span>
    </p>
   </div>
  </div>
 </body>
</html>
