1919 3199
1015 179 1095 218 234

295 313 491 361 *Anyelica
518 314 652 350 villosa
687 314 776 358 Lag.
810 313 861 356 (ἓ)
905 313 1161 350 Praecedentis
1195 314 1290 348 forte
1323 313 1503 361 varietas,
1538 313 1666 348 differt
1696 314 1805 349 caule

408 404 598 439 superne,
633 391 877 440 pedunculis,
912 392 1115 438 pedicellis
1149 391 1404 438 foliorumque
1447 391 1581 437 pagina
1625 390 1805 427 inferiore

407 471 529 505 dense
562 469 1049 519 villoso-pubescentibus,
1083 469 1263 506 umbellis
1297 468 1526 519 minoribus,
1560 469 1678 505 radiis
1706 481 1804 516 pau-

404 548 588 597 cioribus,
622 547 777 583 corollis
811 552 979 584 saturate
1013 548 1245 597 purpureis,
1279 552 1385 583 costa
1420 547 1543 583 media
1577 547 1804 594 meriearpi-

404 637 512 662 orum
546 626 750 673 depressa,
784 626 836 672 (in
864 628 907 661 A.
928 626 1094 662 silvestri
1120 624 1144 663 3
1162 625 1281 661 costis
1301 625 1539 662 intermediis
1558 626 1802 673 aequalibus).

403 705 460 739 Ad
495 715 611 749 sepes
646 708 680 739 et
711 703 747 739 in
781 705 899 750 pratis
933 705 979 739 ad
1014 704 1230 739 Santander
1261 704 1384 750 frequ.
1421 703 1509 740 Oct.
1542 716 1573 741 c.
1608 704 1668 742 ss.!

292 781 539 829 Imperatoria
570 784 762 829 hispanica
794 782 923 818 Boiss.

402 861 457 895 Ad
493 861 634 896 rivulos
667 872 724 906 pr.
759 861 922 896 Almeria
957 862 1099 904 (Hans.
1133 860 1168 894 in
1204 859 1311 895 herb.
1345 860 1553 906 Agardli.)!

292 941 539 975 peucedanum
571 940 800 986 lancifolium
838 941 952 986 Lge..,
1003 939 1102 975 Siler
1143 937 1375 973 lancifolium
1422 938 1524 983 Hffg.
1557 938 1592 973 ἀ
1625 939 1719 974 Link
1765 940 1800 977 ss.

402 1021 553 1063 portug.
597 1017 672 1053 tab.
717 1016 816 1055 109!
867 1017 966 1066 (non
1008 1017 1213 1063 Moench);
1263 1015 1434 1051 Selinum
1484 1017 1800 1062 peucedanoides

399 1095 504 1130 Brot.
540 1097 633 1140 (non
669 1094 814 1143 Desfi).

428 1173 484 1207 Ad
507 1172 648 1208 rivulos
669 1173 846 1209 Galleciae
865 1173 1032 1209 borealis
1054 1178 1088 1208 et
1107 1172 1361 1208 occidentalis
1389 1172 1476 1208 hinc
1509 1172 1600 1208 inde
1632 1173 1798 1221 (Ferrol,

485 1251 516 1286 el
551 1250 693 1299 Burgo,
729 1252 949 1299 Santiago),
984 1253 1079 1297 Aug.
1114 1262 1145 1286 c.
1181 1251 1217 1285 ss.
1254 1254 1291 1285 et
1322 1247 1388 1288 fin!

315 1328 426 1364 Obs.
476 1328 691 1374 Specimina
732 1341 751 1365 a
792 1341 850 1365 me
891 1331 1007 1378 lecta,
1057 1339 1139 1375 quae
1181 1333 1312 1363 exacte
1351 1340 1436 1364 cum
1487 1328 1608 1373 figura
1655 1327 1795 1374 optima

398 1406 765 1453 Hoffmanseggiana
807 1408 1051 1457 conveniunt,
1095 1406 1294 1442 manifeste
1335 1407 1380 1442 ad
1423 1405 1639 1442 Peucedani
1671 1417 1795 1452 genus

396 1486 508 1527 (sect.
540 1485 829 1532 Thysselinum)
863 1487 1077 1534 pertinent,
1127 1496 1244 1531 quare
1278 1496 1416 1520 nomen
1451 1485 1671 1530 genoricum
1705 1486 1728 1523 l.
1762 1496 1794 1520 c.

397 1563 524 1598 datum
545 1563 794 1609 rejiciendum
815 1569 887 1600 est.
931 1564 1117 1609 Suspicor
1144 1568 1284 1610 autem,
1319 1563 1479 1598 eandem
1501 1574 1590 1599 esse
1610 1564 1796 1612 plantam,

396 1652 508 1686 quam
543 1642 589 1676 cl.
623 1641 815 1678 Planellas
850 1643 1007 1689 (Ensay.
1044 1642 1081 1677 ss.
1117 1640 1438 1689 galleg.p.237)
1474 1641 1626 1687 nomine
1647 1642 1794 1678 Peuced.

397 1722 561 1756 montani
573 1720 679 1754 Koch
703 1720 924 1767 descripsit.
946 1721 1053 1755 Hanc
1073 1719 1171 1755 enim
1195 1721 1362 1766 plantam
1383 1724 1617 1767 montanam,
1632 1720 1795 1755 Austriae

395 1802 431 1831 et
479 1798 658 1833 Hclvetiae
703 1799 889 1847 incolam,
943 1798 1078 1833 nullibi
1128 1798 1163 1833 in
1216 1797 1383 1834 Gallecia
1432 1797 1558 1835 inveni
1605 1803 1641 1833 et
1684 1799 1793 1833 valde

394 1875 541 1924 dubito,
577 1877 738 1912 eandem
771 1877 968 1923 Hispaniae
1001 1877 1117 1912 civem
1152 1888 1255 1912 esse.

283 1955 322 1989 P.
360 1954 611 1990 Oreoselinum
643 1951 724 2005 (L.)
756 1956 935 1991 Moencli.

394 2031 496 2080 Olot,
531 2032 726 2081 Monseni,
761 2033 799 2068 S.
832 2034 929 2069 Juan
965 2034 1025 2069 del
1058 2034 1150 2080 Tejo
1184 2034 1372 2077 (Pourr.)!

281 2111 321 2145 Ρ.
351 2111 526 2146 Cervaria
559 2111 642 2154 (L.)
675 2111 834 2156 Lapeyr.

392 2188 496 2235 Olot,
528 2189 617 2224 Jaca
650 2187 842 2239 (Pom-m!

280 2267 437 2313 Ridolfia
467 2273 623 2313 seqetum
655 2268 736 2313 (L.)
769 2268 903 2303 Moris.

390 2345 430 2379 ln
465 2345 556 2380 flora
593 2345 778 2381 Gaditana
812 2346 943 2389 (Cabr.
980 2346 1013 2380 in
1050 2346 1156 2382 herb.
1192 2343 1402 2394 Agardh.)!

280 2423 478 2459 pastinaca
509 2427 631 2459 saliva
664 2424 702 2460 L.
736 2423 867 2472 (Hisp.
902 2424 1098 2468 Chirivia).

389 2501 430 2535 ln
482 2500 648 2536 Gallecia
695 2501 782 2536 hinc
827 2501 937 2537 inde:
990 2501 1170 2553 Corufia,
1220 2503 1536 2549 Puentedeume,
1584 2503 1781 2552 Santiago,

445 2579 635 2624 Nogales!

278 2657 491 2693 Heracleum
523 2659 792 2704 Sphondylium
824 2657 865 2692 L.

389 2734 555 2781 Orense,
589 2735 858 2771 Hermesendc
891 2732 1082 2782 (Pourr.)!

319 2838 337 2858 „
383 2813 424 2861 β,
456 2814 751 2860 macrocarpum!
786 2813 1021 2859 mericarpiis
1054 2813 1249 2862 obovatis,
1285 2813 1545 2862 emarginatiS,
1577 2812 1778 2860 2—3-p10

390 2890 599 2935 majoribus
648 2901 761 2936 quam
807 2890 845 2925 in
892 2891 1010 2926 forma
1059 2890 1205 2940 typica,
1260 2902 1385 2938 usque
1429 2892 1475 2927 ad
1525 2891 1777 2927 maturitatem
