1919 3199
880 92 961 131 297

276 224 322 259 ad
367 224 407 260 L.
441 230 657 270 campestre
705 236 815 260 suum
857 224 1048 269 pertinere
1089 225 1294 260 declaravit
1327 230 1436 260 autor
1476 225 1669 268 (Monogr.

278 301 408 348 Lepig.
448 314 486 348 p.
519 302 589 346 35)
637 303 845 350 deceptus,
894 302 1058 348 plantam
1107 314 1125 337 a
1173 314 1232 338 me
1278 303 1412 338 lectam
1463 313 1530 348 pro
1576 312 1669 336 nova

278 379 407 426 specie
440 379 569 429 habui⁷
604 392 764 427 eamque
796 380 950 416 nomine
978 382 1017 417 L.
1044 383 1320 427 melanospermi
1353 380 1564 426 designavi,
1600 379 1668 415 sed

277 458 507 504 comparatis
548 458 823 504 speciminibus
856 458 990 494 Atticis
1023 459 1273 505 (Heldreich)
1307 463 1344 494 et
1377 457 1670 502 Algeriensibus

277 537 469 584 (Cosson)
503 541 538 572 et
569 538 705 573 collata
739 536 1000 583 descriptione
1034 536 1281 572 Gussoniana
1323 538 1363 573 L.
1397 538 1545 573 diandri
1576 535 1667 584 veri7

278 620 449 651 nostram
490 627 574 650 cum
614 615 720 652 hisce
759 614 962 650 identicam
1004 625 1094 650 esse
1133 614 1221 652 vidi.
1291 615 1401 650 Nulla
1444 613 1537 649 ratio
1582 612 1671 648 mihi

277 693 426 729 videtur
457 694 621 729 suadere
653 695 699 729 ad
734 705 871 729 nomen
898 693 1092 739 antiquius
1113 693 1411 729 Gussoneanum
1431 703 1513 728 cum
1533 689 1575 728 L.
1596 693 1672 728 sal-

277 775 424 818 suyineo
458 773 730 820 mutuandum,
771 777 874 808 tanto
907 772 1033 808 minus
1066 783 1148 807 cum
1184 772 1284 807 haud
1319 782 1474 818 semper
1504 770 1541 805 in
1575 770 1669 805 locis

280 850 395 886 salsis
428 851 608 901 occurrit7
642 857 682 887 ut
713 852 846 897 plures
881 850 960 886 aliae
993 851 1159 897 species.

169 927 210 966 L.
245 936 440 977 campestre
472 929 614 965 Kindb.
649 931 708 976 (L.
730 929 932 978 diandrum
966 929 1069 965 de.
1105 930 1194 975 Syn.
1229 940 1264 974 p.
1299 929 1323 965 7
1357 940 1393 974 p.
1427 931 1481 974 p.)

274 997 454 1057 ’Μὲιᾱνίἀ9
501 1009 537 1043 in
581 1008 716 1054 plateis
748 1009 947 1055 frequens,
994 1008 1205 1053 Aranjuezg
1255 1007 1431 1043 Granada
1464 1006 1500 1041 in
1535 1005 1671 1052 plateis

336 1083 570 1124 Alhambrae!
616 1086 780 1136 Murcia,
822 1086 859 1121 in
901 1086 1019 1122 muris
1061 1086 1245 1135 (Guira0‚
1293 1086 1357 1133 qui
1400 1086 1472 1122 sub
1519 1084 1672 1120 nomine

337 1165 590 1212 Spergulariae
617 1165 786 1200 diandrae
804 1162 1158 1213 communicandum
1192 1167 1230 1201 ln
1253 1165 1373 1201 Gallia
1393 1165 1670 1201 mediterranea

337 1245 496 1280 eandem
532 1243 700 1290 speciem
734 1245 781 1279 ad
815 1245 1108 1289 Aiguesmortes
1143 1244 1230 1290 legi.
1280 1244 1417 1280 Omnia
1443 1244 1671 1292 specimina,

336 1334 419 1370 quae
450 1322 540 1370 vidi,
574 1334 700 1358 annua
733 1327 838 1372 sunt,
874 1334 943 1358 nec
976 1324 1174 1369 perennia.

170 1403 208 1438 L.
240 1403 436 1449 neglectum
469 1401 612 1436 Kindb.
641 1402 730 1448 Syn.
765 1413 801 1448 p.
835 1400 858 1438 6
891 1402 953 1446 [L.
974 1401 1139 1438 salinum
1157 1402 1302 1438 Kindb.
1336 1412 1511 1446 monogr.
1547 1413 1582 1447 p.
1604 1398 1672 1450 36,

278 1492 354 1516 non
389 1481 477 1526 Fr.).

277 1559 318 1594 In
352 1560 528 1595 arenosis
568 1559 764 1595 maritimis
804 1560 850 1594 ad
898 1560 1135 1606 Santander7
1185 1558 1268 1594 Oct.
1307 1570 1338 1593 c.
1373 1558 1411 1593 ss.
1455 1562 1491 1593 et
1521 1553 1583 1596 fr.!
1632 1557 1672 1592 ln

339 1637 459 1673 Gallia
494 1637 732 1673 meridionali
765 1638 811 1673 ad
845 1638 992 1674 Toulon
1027 1642 1063 1674 et
1095 1638 1148 1673 St.
1184 1634 1374 1673 Chamas!

167 1714 209 1753 L.
244 1719 428 1754 azaricam
459 1715 603 1752 Kindb.

279 1795 336 1830 A'd
370 1794 493 1830 littora
528 1794 671 1830 Oceani
703 1806 760 1841 pr.
795 1795 828 1830 la
863 1795 1037 1844 Corufia⁷
1078 1795 1101 1832 7
1135 1795 1240 1840 Sept.
1283 1806 1314 1830 c.
1348 1794 1386 1828 ss.
1428 1799 1463 1829 et
1504 1794 1570 1829 fr.!
1631 1795 1671 1829 ln

283 1873 402 1910 Gallia
436 1873 594 1910 australi
626 1874 787 1909 eandem
822 1874 991 1920 speciem
1025 1874 1070 1908 ad
1107 1874 1160 1910 St.
1192 1873 1358 1909 Chamas
1392 1876 1429 1908 et
1460 1872 1672 1920 Marseille,

279 1953 368 1999 Maj.
402 1952 618 1998 florigeram
652 1951 739 1998 legi.

197 2031 307 2066 obs.
369 2031 527 2077 Species
576 2031 652 2066 haec
697 2030 745 2065 ita
803 2030 928 2066 affinis
977 2031 1124 2066 videtur
1175 2032 1214 2067 L.
1248 2033 1391 2067 marino
1436 2029 1586 2065 Wahlb.
1638 2033 1673 2064 et

278 2109 469 2156 praecipue
518 2109 691 2155 ejusdem
739 2109 907 2144 varietati
950 2109 1190 2157 fasciculari,
1238 2112 1278 2143 ut
1332 2108 1387 2143 vix
1441 2107 1513 2142 nisi
1554 2107 1674 2142 semi-

280 2187 394 2223 nibus
435 2187 628 2223 muricatis
668 2192 706 2222 et
747 2188 904 2233 capsula
946 2198 1079 2232 parum
1119 2184 1347 2231 brevioress)
1398 2186 1673 2233 distinguenda

282 2266 341 2302 sit.
404 2268 458 2302 An
493 2277 580 2300 vero
614 2265 808 2300 distinctio
842 2266 940 2300 inter
972 2266 1165 2311 Lepigona
1201 2265 1414 2300 seminibus
1449 2264 1604 2301 laevibus
1638 2269 1674 2299 et

280 2343 475 2380 muricatis
510 2345 697 2379 servanda
730 2344 793 2394 sit,
837 2356 881 2379 an
916 2344 951 2379 in
990 2345 1209 2379 charactere
1251 2355 1383 2389 parum
1426 2343 1545 2388 magis
1578 2354 1673 2379 eon-

283 2427 407 2458 stante
441 2433 554 2469 quam
588 2423 788 2467 praesentia
823 2435 856 2457 v.
890 2423 1063 2458 defectus
1096 2422 1162 2458 alae
1196 2422 1385 2457 seminum
1418 2422 1574 2457 fundata
1608 2421 1673 2464 (ita

282 2505 320 2536 ut
351 2513 383 2538 v.
417 2513 448 2537 c.
483 2501 701 2548 Spergulae7
745 2501 901 2536 Linariae
941 2505 977 2535 et
1010 2502 1058 2546 pl.
1093 2501 1236 2536 variant
1270 2500 1484 2535 seminibus
1518 2500 1674 2535 laevibus

281 2591 314 2613 v.
348 2579 576 2627 muricatis)⁷
611 2579 735 2615 adhuc
780 2579 935 2615 dubium
979 2579 1068 2614 mihi
1102 2579 1250 2614 videtur
1282 2583 1317 2614 et
1350 2578 1511 2614 ulterius
1546 2577 1674 2623 inqui-

208 2768 233 2808 ')
260 2768 294 2799 Iu
323 2769 567 2808 speciminibus
595 2770 678 2800 meis
708 2767 847 2808 capsula
879 2771 991 2798 tamen
1019 2767 1142 2806 sepelis
1169 2769 1354 2807 conspicue
1382 2767 1512 2805 longior
1538 2770 1598 2802 cst,
1616 2774 1674 2796 nc-

261 2833 324 2864 que
350 2825 469 2857 lisdem
495 2825 695 2864 aequssonga,
723 2828 759 2856 ut
784 2825 909 2856 indIcat
934 2824 974 2855 cl.
1002 2823 1180 2862 Kiildbcrg.
