1919 3199
868 138 950 177 317

190 275 302 311 Obs.
362 274 501 310 Praeter
532 272 820 320 pubescentium
855 272 975 308 caulis
1010 277 1045 308 et
1076 273 1268 323 foliorum,
1301 275 1475 311 bracteas
1510 287 1663 323 quoque

273 352 482 398 sepalaque
516 351 701 388 exteriora
735 350 866 386 leviter
897 351 1172 401 pubescentia,
1216 352 1428 398 pedicellos
1461 366 1548 390 vero
1582 356 1665 401 gla—

272 432 386 481 bros,
438 432 570 478 sepala
608 429 787 465 interiora
827 429 933 475 apice
974 429 1096 475 magis
1146 430 1318 467 minusve
1359 432 1480 468 ciliata
1525 433 1664 469 inveni.

271 509 415 545 Arillus
447 510 504 545 vix
539 513 711 556 quartam
746 508 905 544 seminis
940 508 1217 554 longitudinem
1252 509 1414 556 attingit.
1490 511 1663 547 Eandem

273 588 431 624 formam
471 588 624 624 nomine
664 589 704 624 P.
737 586 904 634 vulyaris
943 588 989 638 β,
1039 588 1209 625 lusitanae
1251 589 1384 626 Welw.
1426 589 1664 635 designatam

270 666 343 702 vidi
376 666 412 702 in
446 667 553 702 herb.
585 667 688 702 Mus.
720 665 843 702 Paris.

158 768 366 818 *Polyqala
384 769 628 818 anqustifolia
647 767 736 813 Lge.
757 769 820 811 (an
839 767 956 802 forma
976 768 1278 813 praecedentis)¹.2
1297 770 1431 804 Annua
1453 772 1501 813 (v.
1523 781 1665 815 peren-

271 846 393 895 nis?),
426 846 600 892 gracilior
631 857 742 892 quam
777 845 815 881 Ρ.
849 845 1037 894 vulgaris,
1073 850 1183 885 radia:
1215 847 1339 895 exilis,
1382 849 1497 885 caulis
1531 849 1666 884 solita-

272 925 351 960 rius
386 929 536 961 erectus
570 936 601 959 v.
636 926 783 974 plures,
817 935 979 971 quorum
1013 926 1192 961 laterales
1226 927 1530 974 adscendentes,
1570 929 1666 974 solia

270 1003 656 1052 lineari-lanceolata,
690 1006 813 1052 acuta,
847 1002 1046 1048 superiora
1063 1003 1293 1053 acuminata,
1315 1015 1417 1051 saepe
1436 1005 1668 1040 subfalcato-

268 1085 442 1127 arcuata3
489 1092 662 1117 racemus
703 1082 926 1130 secundus,
960 1082 1129 1128 pedicellz'
1167 1082 1352 1132 graciles,
1400 1095 1486 1118 mox
1518 1083 1664 1133 cernui,

269 1159 523 1195 maturitatem
564 1171 701 1195 versus
736 1159 895 1209 deflexi,
941 1159 1056 1207 flores
1097 1160 1143 1196 iis
1184 1161 1438 1206 praecedentis
1479 1162 1664 1210 minores,

268 1238 422 1277 intense
455 1238 643 1284 coerulei3
683 1237 810 1285 sepala
841 1238 986 1286 glabra,
1026 1237 1053 1276 2
1083 1238 1262 1275 interiora
1297 1241 1472 1287 obovata,
1506 1239 1665 1286 capsula

269 1317 387 1352 multo
419 1317 639 1363 angustiora
673 1321 709 1352 et
741 1327 873 1362 parum
907 1316 1096 1365 longiora,
1130 1318 1284 1367 obtusa,
1318 1318 1545 1354 brevissime
1579 1329 1664 1354 mu-

269 1400 440 1444 cronata,
475 1395 601 1431 nervis
635 1395 732 1430 intra
764 1394 974 1440 marginem
1003 1406 1077 1430 non
1111 1397 1516 1443 anastomosantibu83
1564 1396 1667 1434 arilli

269 1474 345 1510 lobi
378 1475 560 1523 aequales,
593 1478 766 1520 quartam
801 1473 961 1508 seminis
994 1473 1117 1509 villosi
1153 1478 1298 1520 partem
1332 1476 1388 1510 vix
1422 1479 1634 1521 aequantes,

269 1553 505 1598 Santander3
539 1552 572 1587 la
593 1552 758 1602 Corufia,
791 1551 826 1586 in
860 1552 1023 1587 collibus
1058 1563 1180 1598 prope
1208 1553 1497 1600 Compostelam
1530 1553 1664 1589 urbem

326 1631 655 1681 frequentissima,
683 1630 721 1666 'v.
755 1642 787 1666 c.
820 1630 856 1665 in
891 1635 1019 1666 monte
1053 1631 1167 1667 Viso!

187 1731 299 1770 obs.
361 1735 389 1768 Α
422 1732 534 1768 variis
574 1731 707 1767 formis
741 1732 780 1769 P.
813 1731 979 1778 vulgaris
1019 1732 1128 1767 valde
1161 1732 1283 1768 aliena
1318 1737 1378 1768 est
1410 1733 1488 1768 haec
1519 1733 1664 1782 planta,

269 1811 346 1846 fere
391 1810 491 1846 inter
537 1812 577 1847 P.
610 1811 712 1856 vuly.
745 1815 961 1858 oxypteram
1002 1814 1038 1846 et
1075 1812 1116 1847 P.
1152 1811 1343 1859 alpestrem
1384 1812 1501 1848 Rchb.
1544 1811 1666 1847 inter-

270 1889 409 1925 media.
441 1888 577 1925 Differt
594 1889 640 1924 ab
657 1888 721 1924 illa
742 1889 930 1935 praecipue
944 1885 1088 1925 statura
1101 1889 1245 1938 gracili,
1260 1890 1359 1926 foliis
1374 1889 1664 1935 angustioribus

269 1968 470 2015 magisque
517 1968 661 2017 acutis,
709 1967 816 2003 arillo
856 1968 1086 2004 brevissimo
1138 1972 1208 2004 etc.
1285 1969 1471 2004 Praeterea
1518 1968 1666 2004 videtur

271 2058 418 2096 annua,
453 2048 587 2082 saltem
626 2046 748 2093 primo
781 2058 881 2082 anno
915 2047 1081 2094 florens,
1116 2058 1199 2082 cum
1235 2047 1444 2093 specimina
1479 2047 1674 2082 nonnulla·

272 2126 446 2172 florigera
477 2125 617 2175 inveni,
652 2124 792 2171 quibus
824 2125 949 2160 adhuc
980 2125 1230 2171 cotyledones
1263 2125 1501 2162 insidebant.

663 2301 828 2342 LXXXII.
889 2301 1160 2353 Frangulaceae.

751 2432 787 2473 α)
822 2429 1062 2464 Celastrineae.

163 2531 372 2577 Euonymus
405 2541 592 2577 europoeus
626 2529 666 2564 L.
700 2527 830 2575 (Hisp.
865 2528 1087 2573 Bonetero).

273 2608 425 2645 Bilbao!
462 2608 608 2644 Oviedo
643 2602 928 2654 (Ruiz-Pons)!

161 2712 277 2747 Cama
309 2721 477 2756 europaea
510 2709 645 2744 Webb.
678 2707 898 2756 (Celastrus
931 2717 1133 2752 europaeus
1166 2707 1325 2748 Boiss.).

274 2787 380 2823 Circa
421 2787 604 2833 oppidum
637 2786 801 2822 Almeria
842 2786 878 2821 in
922 2785 1083 2832 rupibus
1126 2786 1208 2821 loco
1250 2786 1349 2821 dicto
1385 2786 1575 2822 Barranco
1617 2786 1664 2821 de

329 2866 505 2902 Caballar
537 2870 573 2901 et
603 2865 639 2900 in
674 2864 850 2901 arenosis
884 2865 929 2900 ad
964 2865 997 2899 la
1031 2861 1205 2900 Cafiada!
