1919 3199
842 120 926 160 213

129 251 173 290 V.
205 252 376 289 aroensis
410 254 448 290 L.

235 331 475 375 Santander3
508 332 663 377 Ferrol3
704 333 935 367 Villafranca
969 332 1030 367 del
1064 332 1223 378 Vierzo;
1265 330 1464 370 Escorial!
1509 334 1637 368 Aran-

286 409 396 458 juez,
445 410 483 446 S.
527 410 644 445 Pablo
692 410 739 445 de
785 410 941 445 Montes
990 406 1182 455 (Pourr.)!
1229 409 1434 461 Cordoba,
1484 411 1636 458 Sevilla,

293 486 491 535 Chielana,
527 483 728 524 Granada!

125 563 168 600 V.
198 564 451 614 serpyllifolia
485 566 522 600 L.

234 644 362 689 Lugo;
395 644 451 678 las
483 643 663 679 Medolas
697 643 893 688 (Vierzo):
930 643 1062 691 Bibas,
1095 643 1285 689 Aranjuez
1318 641 1511 688 (Pounnl)

148 747 172 772 ,7
203 722 245 772 β,
279 720 411 757 tenella
443 722 549 768 (All.)
586 721 702 758 Gren.
737 722 772 756 ὦ
806 721 925 759 Godr.

231 800 272 834 In
306 800 499 835 ruderatis
533 801 579 835 ad
613 800 646 835 la
682 800 805 836 Grana
840 811 897 846 pr.
934 801 1062 835 Ferrol
1096 804 1130 836 ct
1164 801 1345 846 Santiago
1380 800 1426 835 de
1462 799 1634 846 Compo-

290 878 410 923 stela3
444 876 686 916 Santander!

126 954 167 993 V.
186 955 378 1004 apennina
410 957 562 992 Tausch
598 957 689 1003 Syll.
724 957 775 1003 pl.
810 968 896 991 nov.
931 968 966 1002 p.
999 955 1080 993 247
1113 953 1213 1005 (DC.
1237 956 1386 1003 prodr.,
1422 957 1470 1005 X,
1506 955 1635 1000 596)2

233 1034 278 1068 V.
298 1045 439 1080 repens
474 1034 589 1070 Coss.
623 1034 659 1070 in
694 1037 837 1079 Bourg.
871 1033 1010 1069 exsicc.
1046 1033 1168 1082 1851,
1202 1035 1270 1069 Nr.
1292 1034 1401 1072 1392
1432 1034 1510 1079 [vix
1531 1035 1633 1079 DC.)

232 1113 370 1147 Puerto
404 1113 450 1147 de
479 1113 745 1148 Navacerrada
778 1113 823 1147 ad
859 1112 983 1147 fontes
1017 1112 1053 1147 in
1088 1112 1245 1157 regione
1279 1112 1483 1158 subalpina
1519 1124 1636 1159 supra

286 1190 484 1225 tabernam
533 1191 655 1226 Venta
704 1192 751 1226 de
800 1190 1062 1237 Cercedillas,
1109 1191 1162 1228 21
1195 1191 1285 1226 Jun.
1334 1202 1366 1226 e.
1411 1191 1449 1226 fl.
1492 1195 1529 1226 et
1572 1190 1637 1229 sn!

287 1268 506 1314 Specimina
554 1280 718 1315 prorsus
767 1269 906 1305 similia
952 1269 988 1304 in
1038 1269 1228 1315 Pyrenaeis
1279 1269 1409 1305 Galliae
1464 1269 1539 1315 legi
1587 1271 1632 1305 ad

287 1346 484 1391 regionem
519 1346 686 1392 alpinam
721 1347 860 1383 montis
893 1347 1150 1384 MedasolleS.

116 1423 229 1460 obs.
276 1425 449 1459 Plantam
485 1424 722 1470 hispanicam
758 1426 879 1473 primo
913 1436 1048 1460 novam
1083 1425 1253 1472 speciem
1289 1437 1378 1462 esse
1412 1426 1636 1472 suspicatus

196 1513 299 1552 sum,
347 1503 405 1538 cui
460 1502 502 1540 V.
535 1503 746 1540 radicantis
778 1515 917 1539 nomen
958 1503 1135 1553 attribui,
1184 1505 1253 1539 sed
1288 1516 1372 1539 cum
1407 1505 1635 1555 descriptio,

198 1580 372 1627 quamvis
392 1582 533 1631 brevis,
563 1583 608 1618 V.
632 1583 832 1629 apenninae
851 1583 877 1620 l.
896 1594 927 1617 c.
948 1582 1049 1616 haud
1069 1582 1168 1616 male
1187 1593 1271 1617 cum
1292 1587 1423 1618 nostra
1444 1583 1635 1632 convenit,

196 1661 366 1706 plantam
386 1672 508 1695 meam
528 1662 573 1695 ad
596 1662 692 1696 hanc
711 1661 838 1709 retuli,
873 1660 945 1696 etsi
964 1660 1064 1695 haud
1086 1660 1169 1695 sine
1189 1661 1320 1706 dubio,
1354 1672 1438 1696 cum
1459 1661 1635 1707 ejusdem

199 1738 411 1785 specimina
431 1750 628 1785 nunquam
648 1739 736 1776 vidi.
776 1738 915 1774 Affinis
936 1742 996 1773 est
1022 1735 1062 1774 V.
1081 1738 1342 1789 serpyllifole'oe
1361 1743 1397 1774 et
1423 1737 1461 1776 V.
1476 1739 1633 1788 repenti,

197 1827 217 1851 a
259 1816 386 1862 priore
426 1829 514 1853 vero
558 1817 685 1853 differt
723 1817 899 1853 caulibus
940 1816 1162 1864 prostratis,
1204 1817 1314 1851 valde
1354 1817 1634 1866 radicantibus,

199 1894 425 1944 puberulis,
467 1895 573 1941 apice
606 1894 1050 1943 glanduloso-pilosis,
1091 1893 1192 1929 foliis
1225 1895 1449 1941 puberulis,
1483 1907 1636 1931 racemo

198 1973 308 2023 laxo,
357 1973 558 2019 pedicellis
591 1972 747 2009 bractea
779 1973 964 2008 fulcrante
999 1971 1263 2021 longioribus,
1298 1974 1441 2008 corolla
1474 1974 1634 2020 majore,

199 2051 283 2086 laete
330 2052 506 2086 coerulea
555 2052 647 2098 (cor.
695 2052 742 2087 V.
776 2051 950 2087 saxatilis
993 2050 1224 2099 subsimili),
1272 2052 1431 2097 capsula
1475 2052 1633 2099 majore,

200 2129 427 2177 obcordata,
461 2130 654 2175 profunde
687 2134 723 2164 et
755 2133 866 2165 acute
899 2132 991 2173 (nec
1024 2129 1157 2164 leviter
1189 2133 1225 2164 et
1267 2130 1425 2174 obtuse)
1469 2130 1634 2176 emargi-

204 2211 314 2256 nata,
350 2208 449 2253 stylo
483 2208 659 2253 longiore
703 2207 917 2244 terminata.
1000 2205 1042 2243 V.
1075 2217 1207 2256 repens
1238 2207 1343 2242 Lois.
1385 2208 1558 2254 (species
1598 2209 1634 2243 in

199 2285 333 2330 prodr.
369 2285 635 2321 Candolleano
668 2286 840 2331 omissa)
875 2284 1004 2320 differt
1035 2296 1054 2319 a
1089 2290 1219 2320 nostra
1253 2285 1429 2321 caulibus
1463 2286 1634 2321 laterali-

200 2363 275 2398 bus
321 2362 410 2410 (ncc
448 2363 605 2398 centrali
653 2365 755 2408 solo)
798 2363 1012 2411 florigeris,
1060 2374 1212 2398 racemo
1251 2363 1355 2398 brevi
1404 2364 1630 2413 paucissoro,

201 2442 301 2486 stylo
348 2441 508 2487 capsula
556 2442 668 2488 triplo
716 2442 777 2488 (in
819 2447 950 2477 nostra
984 2440 1040 2476 vix
1076 2442 1212 2488 duplo)
1247 2441 1443 2491 longiore,
1492 2443 1634 2478 corolla

203 2529 316 2554 rosea
349 2523 435 2568 ete,
474 2531 516 2554 ac
549 2520 711 2566 insuper
741 2521 811 2566 (ex
846 2519 1125 2566 speciminibus
1167 2519 1360 2568 Corsicis,
1409 2531 1492 2566 quae
1531 2533 1637 2557 com-

204 2596 351 2643 paravi)
398 2597 527 2643 planta
582 2598 762 2643 gracilior
806 2597 957 2633 videtur
989 2609 1102 2644 quam
1137 2598 1183 2633 V.
1218 2598 1493 2649 serpyllifolia,
1545 2600 1634 2634 dum

204 2679 336 2710 nostra
371 2687 391 2710 o
423 2677 617 2712 contrario
650 2677 848 2712 robustior
880 2681 916 2712 ct
948 2676 1147 2723 procerior
1178 2681 1251 2712 est.

126 2749 169 2788 V.
201 2752 403 2802 officinalis
434 2755 475 2789 L.
509 2754 644 2801 (Hisp.
676 2755 729 2792 Te
763 2756 809 2790 de
841 2753 1033 2804 Europa).

233 2831 336 2867 Hinc
375 2832 464 2867 inde
498 2844 566 2879 per
601 2833 845 2868 Cantabriam
879 2833 1049 2882 (Bilbao,
1107 2833 1246 2869 Cuesta
1282 2834 1502 2883 Dcscarga,
1537 2833 1637 2868 San-
