1919 3199
799 154 878 193 271

205 289 473 337 tenuioribus,
541 288 772 337 adpressis,
843 287 994 334 siliquis
1061 286 1327 333 gracilioribus
1396 287 1595 333 magisque

203 367 411 411 torulosis,
468 377 570 413 saepe
618 363 811 415 hispidis,
873 365 1087 401 seminibus
1136 365 1349 401 minoribus
1396 365 1596 411 magisque

204 444 438 483 numerosis.

92 528 243 574 Sinopis
275 527 360 562 alba
393 525 433 561 L.
466 523 604 570 (Hisp.
638 523 808 559 Mostaza
842 523 1007 566 blanca).

204 603 355 640 Orense
400 600 590 649 (Pourr.)!
639 601 864 639 Villafranca
913 601 973 636 del
1023 600 1187 645 Vierzo;
1237 600 1436 648 Cordoba,
1484 600 1595 649 Jaen,

262 681 460 718 Granada!

91 763 131 798 S.
165 762 403 799 Cheiranthus
452 761 490 795 L.
525 774 574 808 a,
626 761 786 806 yenuina
833 758 949 793 Gren.
984 757 1016 795 &c
1049 757 1168 793 Godr.
1218 756 1345 793 Variat
1391 757 1519 803 glabra
1563 768 1597 792 V.

204 839 454 887 pubescens,
503 838 630 884 planta
659 836 789 883 junior
821 837 935 872 immo
970 836 1003 871 in
1038 837 1144 871 caule
1179 839 1213 870 et
1247 836 1382 881 pagina
1420 835 1597 871 inferiore

204 917 378 953 foliorum
397 915 564 962 hispida.
616 913 770 962 Siliquae
804 916 914 960 vulgo
949 916 1067 950 multo
1102 914 1297 950 breviores
1331 919 1368 950 et
1400 913 1597 950 tenuiores

203 1007 317 1043 quam
351 995 386 1030 in
420 994 538 1030 forma
570 995 609 1044 β.

202 1074 243 1109 1η
279 1073 465 1121 Hispania
499 1071 914 1108 boreali-occidentali
948 1071 1035 1107 hinc
1067 1071 1180 1106 inde:
1214 1071 1309 1118 Tuy,
1346 1071 1596 1120 Pontevcdra,

257 1154 377 1203 Lugo,
413 1151 665 1199 Constantin,
701 1151 732 1185 la
770 1150 873 1196 Vega
909 1150 1223 1199 pr.-Manzanal,
1273 1149 1500 1185 villafranca
1537 1149 1597 1184 ‹lel

256 1231 409 1280 Vierzo,
441 1230 518 1266 Jul.
552 1241 584 1266 c.
618 1230 655 1264 ss.
684 1233 719 1264 et
751 1229 817 1265 fr.!

118 1337 141 1362 ,7
172 1311 213 1362 fi,
247 1311 544 1356 cheiranthiflora
576 1308 692 1344 Gren.
731 1312 766 1343 et
799 1307 917 1343 Godr.
981 1307 1141 1343 Videtur
1173 1306 1374 1353 perennis!

202 1389 252 1425 La
287 1388 452 1437 Corufia,
486 1387 510 1426 9
542 1388 639 1433 Aug.
673 1398 703 1423 c.
737 1386 773 1423 fl.
809 1390 844 1422 et
876 1386 940 1422 fr.!

91 1469 131 1506 S.
164 1471 320 1515 setigera
358 1468 393 1503 J.
428 1466 505 1513 Gay
546 1466 583 1501 in
625 1466 703 1501 DR.
748 1466 797 1511 pl.
838 1465 967 1503 Astur.
1011 1465 1081 1502 No.
1126 1463 1225 1510 4113
1304 1464 1504 1509 Bourgeau
1552 1464 1601 1509 pl.

209 1543 343 1592 d'Esp.
379 1544 500 1595 1864,
550 1545 621 1580 No.
654 1542 776 1582 2594.
866 1543 1027 1579 Biennis
1059 1554 1091 1578 V.
1127 1542 1330 1589 perennis3
1379 1542 1464 1577 folia
1507 1543 1599 1578 sub-

204 1630 264 1661 tus
305 1625 453 1671 glauca,
501 1623 622 1658 ciliata
656 1627 691 1657 et
723 1633 824 1668 saepe
859 1621 945 1668 pili-s
977 1622 1003 1660 2
1035 1622 1245 1667 majoribus
1279 1621 1385 1668 apice
1417 1621 1600 1656 instructa

203 1715 235 1740 v.
283 1703 438 1740 omnino
486 1703 641 1750 glabra,
698 1700 877 1736 radicalia
925 1700 1348 1750 lyrato-pinnatisecta,
1397 1703 1599 1745 segmento

205 1781 393 1818 terminali
426 1782 574 1828 amplo,
609 1784 733 1829 ovato,
767 1780 905 1815 obtuse
940 1779 1199 1827 pinnatilobo,
1234 1779 1332 1815 lobis
1367 1778 1534 1814 crenatis
1568 1789 1599 1815 v.

203 1860 389 1909 integris,
438 1859 650 1906 segmentis
691 1858 849 1905 reliquis
883 1858 1064 1894 deorsum
1099 1857 1440 1906 decrescentibus,
1490 1867 1600 1903 parce

206 1940 372 1975 dentatis
420 1951 452 1975 v.
485 1938 765 1986 integerrimis,
814 1937 957 1985 acutis,
999 1937 1181 1983 dessexis3
1228 1937 1344 1972 flores
1379 1935 1602 1982 majusculi;

206 2019 330 2064 petala
378 2017 520 2065 pallide
569 2018 692 2062 lutea,
741 2016 917 2063 pedicelli
966 2016 1105 2065 patuli,
1155 2015 1304 2062 siliquae
1345 2014 1601 2050 teretiusculae

207 2097 355 2142 (nervis
389 2096 611 2133 lateralibus
645 2095 946 2141 subobsoletis),
980 2095 1098 2141 duplo
1122 2094 1338 2130 crassiores
1365 2105 1477 2140 quam
1504 2104 1602 2139 prae-

207 2175 397 2224 cedentis,
432 2174 574 2221 saepius
608 2178 790 2224 curvatae,
825 2177 951 2210 rostro
984 2173 1225 2220 planiusculo
1259 2183 1536 2219 monospermo
1569 2183 1601 2207 v.

208 2264 386 2300 aspermo
421 2254 642 2290 terminatae.

205 2332 247 2367 ln
294 2332 455 2379 rupibus
503 2332 710 2368 schistosis
757 2332 802 2367 ad
847 2331 1074 2367 Villafranca
1108 2330 1168 2366 del
1203 2329 1362 2379 Vierzo,
1441 2328 1491 2368 16
1522 2330 1599 2365 Jul.

260 2423 291 2447 c.
325 2408 390 2449 fr.!

124 2488 236 2527 Obs.
297 2489 398 2525 Folia
438 2494 474 2524 et
516 2489 667 2525 habitus
709 2490 846 2536 plantae
879 2489 1077 2525 fructiferae
1111 2488 1210 2523 haud
1247 2487 1450 2524 dissimilis
1485 2488 1602 2522 Bras-

207 2567 292 2604 sicae
334 2566 566 2605 fruticulosae
598 2580 628 2606 v.
663 2568 872 2614 speciebus
906 2567 1101 2603 affinibus.
1171 2567 1302 2602 Flores
1345 2578 1432 2602 vero
1475 2566 1520 2602 iis
1562 2567 1600 2600 S.

208 2645 431 2683 Cheiranthi
465 2648 627 2697 similes,
662 2659 679 2682 a
715 2658 787 2693 qua
823 2651 948 2682 tamen
982 2647 1080 2681 bene
1113 2645 1291 2682 distincta
1327 2645 1487 2681 videtur.

100 2725 272 2762 Brassica
302 2728 410 2771 niqra
443 2722 520 2776 (L.)
555 2725 677 2761 Koch.
711 2724 844 2772 (Hisp.
878 2724 1088 2774 Mostaza).

210 2803 363 2849 Bilbao3
412 2803 446 2838 in
497 2799 662 2839 Gallecia
713 2804 758 2838 ad
807 2803 1018 2851 Becerrea,
1065 2804 1098 2839 la
1133 2803 1306 2851 Corufia,
1357 2802 1458 2847 Seijo
1499 2806 1534 2836 et
1567 2802 1598 2836 la

210 2881 334 2918 Grafla
371 2893 426 2928 pr.
462 2882 608 2920 Ferrol!
