1929 3277
948 168 975 207 2

226 324 271 360 tis
307 315 516 366 hispanicis
552 310 765 349 ditissimas
804 305 949 343 inveni:
1001 303 1116 339 altera
1158 297 1326 335 defuncti
1367 297 1408 332 P.
1442 296 1482 330 A.
1515 293 1712 340 Pourretiz,

229 401 292 449 qui
322 407 480 435 munere
512 389 683 430 canonici
714 388 750 424 in
784 383 944 422 ecclesia
964 379 1260 428 Compostelana
1293 378 1450 412 ornatus
1483 383 1582 408 anno
1610 367 1717 409 1818

228 479 342 524 obiit3
389 476 448 512 hic
494 470 756 521 peregrinator
800 463 1023 500 indefessus
1071 465 1106 496 et
1152 455 1439 494 oculatissimus
1487 456 1600 490 totam
1639 450 1716 485 fere

230 557 470 609 peninsulam
517 549 836 594 investigaverat,
889 547 925 578 et
978 538 1196 576 herbarium
1241 536 1323 582 ejus
1377 531 1522 580 (quoad
1566 531 1717 578 plantas

230 635 470 686 hispanicas)
503 628 727 679 principale,
770 623 872 671 quod
904 622 940 658 in
973 618 1134 665 collegio
1168 612 1474 664 pharmaceutico
1505 606 1720 648 Matritensi

232 719 492 761 conservatur,
526 708 666 758 plantis
692 702 900 742 rarissimis
933 700 1114 748 abundat,
1149 706 1307 744 quarum
1341 704 1415 729 non
1448 699 1576 738 paucae
1607 686 1720 724 hodie

233 800 291 835 vix
324 793 524 840 descriptae
557 792 667 838 sunt,
715 783 911 832 permultae
951 791 1037 817 vero
1078 779 1122 814 ab
1157 788 1200 812 eo
1235 774 1396 821 primum
1429 770 1586 806 detectae
1618 771 1654 803 et
1683 765 1720 802 in

235 874 431 915 schedulis
466 880 578 907 manu
611 865 764 912 scriptis
798 860 1016 898 nominibus
1050 856 1259 902 designatae
1292 852 1377 889 dein
1411 851 1456 886 ab
1490 848 1573 885 aliis
1612 847 1723 882 bota-

236 956 331 993 nicis
364 953 435 989 sub
468 949 550 986 aliis
585 944 803 982 nominibus
831 939 1032 985 descriptae
1051 937 1200 980 suntss).
1261 933 1427 968 Alteram
1446 927 1724 976 collectionem,

237 1033 402 1073 defuncti
422 1033 468 1068 P.
492 1030 532 1066 K.
551 1029 591 1063 A.
612 1024 847 1069 Schousboez’,
880 1020 926 1055 de
961 1019 1050 1053 [lora
1069 1012 1258 1052 Barbariae
1291 1007 1541 1058 meritissimi,
1573 1006 1609 1042 in
1636 1006 1726 1041 her-

237 1115 341 1152 bario
362 1110 457 1148 horti
484 1104 646 1145 botanici
674 1099 898 1138 hauniensis
919 1097 1006 1134 olim
1034 1094 1249 1142 depositam
1269 1089 1487 1138 plantisque
1506 1084 1727 1132 Hispanicis

239 1201 275 1233 et
307 1188 535 1230 Lueitanicis
578 1183 705 1231 (annis
741 1178 958 1219 1798—99
990 1175 1116 1220 lectis)
1150 1171 1394 1219 ditissimam,
1443 1164 1610 1214 quotidie
1643 1167 1729 1199 ante

240 1275 374 1313 oculos
408 1269 542 1306 habeo·
625 1262 757 1299 Varias
799 1260 927 1306 itaque
975 1253 1287 1298 observationes,
1335 1261 1379 1285 ex
1425 1247 1531 1283 hisce
1578 1243 1730 1280 duobus

240 1351 425 1391 herbariis
466 1344 666 1384 ditissimis
708 1344 906 1386 excerptas
938 1337 973 1372 in
1015 1331 1327 1371 adnotationibus
1367 1327 1462 1364 meis
1502 1323 1733 1371 scrupulose

242 1431 402 1478 inserui,
436 1433 476 1464 ut
506 1427 541 1462 in
576 1434 686 1461 usum
722 1422 822 1456 ssorae
854 1415 1052 1463 Hispaniae
1086 1408 1410 1460 postea‘.edendae
1442 1403 1662 1442 inserviant·

354 1507 592 1546 Familiarum
627 1500 894 1538 nonnullarum
931 1491 1303 1539 determinationem,
1338 1485 1525 1535 praecipue
1558 1495 1576 1518 e
1609 1482 1735 1518 classe

245 1589 628 1637 Acotyledonearum,
662 1577 828 1617 botanici
860 1573 1096 1612 celeberrimi
1130 1570 1321 1616 nobisque
1353 1562 1598 1610 amicissimi,
1639 1570 1737 1607 quo-

248 1683 328 1709 rum
361 1667 512 1705 nomina
545 1663 580 1698 in
617 1658 779 1706 singulis
811 1655 961 1692 familiis
1003 1654 1204 1700 leguntur,
1246 1646 1430 1684 benevole
1465 1643 1738 1688 susceperunt,

250 1750 388 1799 quibus
436 1743 613 1782 omnibus
662 1739 811 1776 sincero
858 1734 983 1770 animo
1032 1730 1172 1778 gratias
1219 1727 1381 1775 agimus.
1458 1724 1536 1760 Nec
1569 1719 1740 1757 omittere

254 1839 437 1878 possum,
485 1826 663 1871 quantam
705 1815 796 1854 mihi
827 1812 984 1851 Parisiis
1024 1808 1191 1846 versanti
1234 1817 1345 1854 opem
1379 1804 1545 1840 tulerunt
1578 1796 1742 1836 botanici

252 1911 405 1958 plures,
450 1902 638 1952 praecipue
678 1897 761 1934 cell.
800 1897 837 1933 J.
872 1894 952 1939 Gay
993 1896 1028 1927 et
1059 1891 1218 1937 Cosson,
1267 1886 1312 1921 ad
1360 1893 1521 1930 quorum
1569 1876 1743 1915 herbaria

255 1989 380 2025 aditus
423 1979 718 2020 liberalissimus
765 1974 854 2012 mihi
901 1970 1042 2019 patuit,
1091 1979 1159 2004 nec
1209 1977 1282 2001 non
1323 1964 1359 1999 in
1398 1960 1516 1997 vastis
1557 1956 1744 1993 herbariis

254 2066 379 2104 Musei
404 2049 679 2109 7Parisiwsis,
726 2051 963 2092 Lessertiani
1009 2054 1045 2085 et
1076 2044 1307 2092 Webbiani,
1355 2053 1437 2089 quae
1484 2040 1744 2088 praefectorum

255 2145 477 2183 liberalitate
519 2140 753 2188 perlustrare
793 2131 883 2169 mibi
931 2129 1053 2178 licuit,
1101 2126 1216 2162 multa
1250 2132 1471 2168 comparare
1512 2118 1631 2167 potui,
1665 2127 1747 2164 quae

258 2225 423 2262 studium
456 2222 669 2268 plantarum
703 2211 910 2250 difficilium
944 2217 1175 2254 magnopere
1209 2202 1412 2239 facilitavit.

295 2403 330 2443 ²²)
356 2401 388 2433 ln
411 2400 473 2432 hac
499 2395 737 2428 dissertatione
766 2393 859 2423 varia
888 2389 1021 2421 nomina
1049 2384 1275 2425 manuscripta
1297 2380 1442 2414 herbarii
1463 2376 1671 2410 Pourretiani
1691 2384 1751 2406 suo

352 2458 428 2489 loco
459 2454 602 2493 inserui,
634 2462 696 2483 non
726 2449 767 2481 ad
796 2447 1002 2491 prioritatem
1031 2440 1296 2476 nomenclaturae
1322 2435 1473 2479 ejusdem
1499 2430 1752 2470 vindicandam,

352 2512 410 2545 sed
432 2517 466 2543 ut
486 2510 602 2542 melius
623 2511 796 2550 appareat,
825 2507 985 2547 quantum
1006 2501 1057 2531 vii·
1077 2498 1288 2530 acutissimus
1310 2499 1343 2526 et
1361 2491 1564 2530 indefessus,
1585 2490 1645 2521 etsi
1667 2498 1752 2520 con-

356 2570 463 2601 sortio
492 2576 565 2598 cum
593 2563 762 2596 botanicis
790 2557 1082 2601 contemporaneis
1103 2555 1174 2587 fere
1192 2554 1342 2596 privatus
1374 2555 1405 2581 et
1432 2546 1562 2580 auxiliis
1582 2544 1754 2577 litterariis

355 2625 553 2668 parcissime
590 2622 733 2653 munitus
770 2619 878 2657 vixit,
926 2621 1036 2647 tamen
1075 2612 1116 2645 ad
1153 2610 1270 2643 floram
1308 2606 1475 2649 Hispania,¹
1513 2600 1755 2645 explorandam

358 2682 522 2725 praestitit.
