1919 3199
981 147 1066 185 204

387 277 552 317 d'Ouest
585 292 621 327 p.
655 279 758 319 320!
822 282 862 316 L.
898 280 1124 315 caulirrhiza
1165 280 1279 315 Delil.
1324 281 1422 316 bort.
1457 281 1613 327 Monsp.
1651 281 1783 324 18424

383 360 424 394 L.
458 370 578 403 graeca
613 359 730 394 Gren.
765 364 800 394 et
833 359 953 395 Godr.
997 359 1034 394 ll.
1077 359 1137 393 Fr.
1171 358 1231 407 ll,
1275 370 1312 404 p.
1353 357 1432 396 575
1474 361 1572 403 (non
1621 359 1720 405 Bory
1752 360 1789 395 ὦ

383 436 572 482 Cbaub.).

383 514 490 550 Circa
525 515 804 562 Olyssiponem
838 516 1025 559 (Merckel
1058 515 1095 550 in
1131 515 1237 550 herb.
1288 511 1533 561 Horneml);
1579 515 1628 550 ad
1669 527 1786 562 sepes

439 604 559 639 prope
608 594 846 642 Santander,
896 593 980 630 Oct.
1025 605 1057 628 c.
1102 593 1140 628 ss.
1182 600 1217 628 et
1257 594 1319 630 t'r.!
1373 594 1570 638 [Eandem
1617 595 1786 640 plantam

436 671 482 706 ad
516 671 674 707 Biarritz
709 672 840 708 Galliae
873 671 1063 707 occident.
1098 683 1254 718 quoque
1289 672 1401 718 legi).

270 749 382 785 Obs.
444 750 535 785 Haee
568 750 743 798 species,
786 751 884 785 bene
918 761 937 785 a
970 750 1041 785 cel.
1079 750 1195 795 Lloyd
1229 751 1253 785 l.
1286 763 1318 785 c.
1353 750 1571 797 descripta,
1619 761 1638 784 a
1671 749 1785 785 variis

351 827 552 863 autoribus
610 828 774 863 infauste
821 839 906 863 cum
957 826 999 864 L.
1037 823 1163 876 ι([’νιιῑοα
1208 828 1327 875 (Bory
1377 833 1413 863 et
1453 828 1601 865 Chaub.
1646 829 1786 874 exped.

353 907 449 941 Mor.
484 918 521 952 p.
555 906 606 944 39
640 910 665 941 t.
698 905 769 950 22)
802 906 1004 942 commixta
1037 906 1127 954 fuit,
1161 917 1244 952 quae
1277 906 1434 955 ultima,
1469 907 1567 942 bene
1601 912 1783 943 monente

353 985 421 1020 cel.
457 985 645 1020 Bentham
679 984 780 1029 [DC.
815 985 946 1030 prodr.
983 985 1031 1033 X,
1065 983 1169 1028 269)
1215 984 1315 1019 inter
1356 985 1397 1019 L.
1433 984 1623 1021 Elatinem
1665 989 1702 1021 et
1741 987 1782 1022 L.

353 1063 564 1098 cirrhosam
605 1063 856 1112 collocanda,
905 1074 924 1097 a
967 1067 1100 1098 nostra
1140 1063 1294 1098 abunde
1337 1062 1466 1098 differt
1497 1063 1672 1099 caulibus
1706 1075 1782 1099 non

355 1141 635 1191 radicantibus,
670 1141 836 1176 eradice
869 1153 995 1177 annua
1029 1141 1336 1190 egredientibus,
1371 1141 1471 1177 soliis
1505 1143 1624 1177 multo
1658 1142 1784 1177 mino-

351 1220 472 1269 ribus,
507 1219 931 1266 lanceolam-hastatis,
967 1219 1199 1265 pedunculis
1232 1219 1319 1254 solia
1352 1220 1470 1255 multo
1490 1219 1784 1269 superantibus,

351 1298 587 1347 capillaceis,
607 1297 952 1345 cirrhescentibus,
974 1297 1119 1333 corolla
1138 1297 1295 1333 omnino
1325 1297 1435 1346 ssava,
1462 1299 1610 1334 calcare
1630 1270 1784 1334 deinum

353 1381 469 1414 recto,
506 1378 545 1412 L.
579 1381 810 1413 commutata
844 1377 972 1423 potius
1010 1375 1049 1413 L.
1076 1376 1217 1426 spurioe
1249 1376 1375 1411 affinis
1409 1380 1483 1424 est,
1517 1388 1535 1411 a
1563 1388 1635 1423 qua
1655 1381 1782 1413 autem

351 1456 477 1491 differt
509 1456 684 1492 caulibus
719 1457 765 1491 ad
800 1456 925 1491 nodos
959 1455 1235 1503 radicantibus,
1270 1456 1438 1501 indeque
1460 1455 1784 1501 perennantibus,

349 1534 486 1580 ealycis
535 1534 683 1570 laciniis
730 1534 977 1582 lanceolatiS,
1025 1533 1253 1570 acuminatis
1301 1534 1395 1583 (nec
1442 1534 1782 1582 cordato—ovatis,

351 1612 508 1663 acutis),
542 1614 671 1648 colore
705 1612 874 1658 denique
907 1613 1059 1647 corollae
1093 1613 1260 1648 diverso.
1322 1614 1351 1647 A
1388 1610 1430 1649 L.
1466 1610 1620 1649 Elatiae
1658 1612 1785 1648 adbuc

350 1691 472 1736 magis
514 1691 640 1726 differt
682 1691 783 1727 foliis
825 1691 1013 1738 (siccitate
1048 1691 1386 1737 nigrescentibus)
1420 1690 1648 1726 brevissime
1682 1691 1783 1736 peti-

351 1769 482 1819 olatis,
519 1770 655 1818 ovatis,
690 1770 841 1805 obtusis
874 1781 905 1806 V.
924 1769 1210 1818 acuminulatis,
1244 1769 1328 1804 basi
1361 1769 1542 1816 utrinque
1574 1768 1786 1806 2-3-den-

351 1847 438 1882 tatis
472 1859 504 1882 v.
539 1847 718 1895 hastatis,
753 1847 984 1894 pedunculis
1018 1847 1275 1895 brevioribus,
1309 1847 1440 1882 solium
1462 1847 1784 1894 subaequantibus

353 1936 443 1960 eove
478 1925 741 1972 brevioribus;
788 1926 940 1961 corollae
981 1926 1080 1961 labio
1123 1926 1326 1971 superiore
1369 1926 1558 1974 violaceo,
1605 1925 1786 1961 inferiore

350 2005 479 2040 albido
512 2016 544 2040 V.
575 2004 717 2050 pallide
749 2005 874 2053 luteo,
915 2005 1063 2040 calcare
1095 2005 1203 2040 valde
1237 2016 1409 2043 recurvo.
1481 2003 1649 2050 Capsula
1689 2005 1787 2039 sub-

352 2083 470 2129 duplo
504 2083 628 2118 minor
675 2094 787 2128 quam
821 2082 856 2117 in
891 2084 931 2118 L.
964 2083 1115 2118 Elatine
1158 2087 1194 2118 et
1233 2084 1274 2119 L.
1309 2082 1464 2131 spuria,
1513 2082 1786 2128 seminumque

351 2165 448 2197 testa
476 2173 567 2209 non,
601 2165 641 2196 ut
672 2160 822 2211 inillis,
857 2160 1285 2210 reticulato-alveolata,
1319 2161 1388 2196 sed
1423 2160 1786 2206 granulato-tuber-

349 2240 473 2276 culata
506 2243 546 2275 ut
578 2239 614 2274 in
652 2240 689 2275 L.
723 2251 867 2287 graeca,
905 2241 1015 2286 cujus
1050 2240 1199 2276 semina
1232 2245 1357 2275 tamen
1401 2240 1519 2285 duplo
1561 2238 1708 2274 minora
1750 2244 1786 2274 et

352 2318 562 2353 tuberculis
596 2318 717 2364 magis
751 2318 1061 2364 prominentibus
1103 2319 1260 2364 praedita
1302 2318 1492 2354 videntur.
1563 2317 1783 2364 Specimina

352 2396 390 2431 L.
410 2401 650 2431 commutatae
683 2407 766 2442 quae
807 2397 995 2442 possideo
1029 2397 1208 2446 (nomine
1242 2398 1282 2432 L.
1317 2407 1447 2441 graecae
1479 2395 1782 2440 communicata]

351 2487 395 2510 ex
428 2474 569 2510 insulis
605 2475 908 2511 Canaricnsibus
943 2476 1082 2525 (Bolle,
1118 2477 1164 2512 de
1199 2477 1230 2511 la
1264 2472 1540 2519 Peri-audiere)
1572 2486 1618 2510 ex
1657 2474 1782 2509 Africa

351 2550 496 2589 boreali
540 2554 585 2588 ad
635 2553 739 2589 Oran
785 2553 922 2601 (Bove)
965 2559 1001 2590 et
1049 2566 1067 2590 e
1120 2554 1244 2590 Gallia
1291 2553 1588 2597 mediterranea,
1635 2552 1700 2588 ubi
1733 2553 1780 2588 ad

350 2628 644 2677 Aiguesmort'es
678 2644 760 2667 eam
795 2632 891 2682 legi,
941 2638 1070 2669 exacte
1113 2644 1197 2669 eum
1233 2632 1363 2678 planta
1396 2631 1443 2666 ad
1477 2631 1602 2666 littora
1637 2630 1782 2666 Oceani

350 2710 445 2745 lecta
479 2710 723 2746 conveniunt.

265 2786 308 2824 L.
344 2787 466 2824 minor
501 2789 589 2837 (L.)
624 2789 729 2824 Desf.

378 2867 420 2901 ln
446 2867 549 2912 agris
569 2867 615 2902 ad
636 2867 872 2904 Encinillas!
899 2868 937 2904 S.
959 2868 1074 2902 Pablo
1093 2867 1139 2902 dc
1158 2867 1328 2917 Montes,
1349 2866 1539 2912 Aragonia
1559 2865 1713 2912 (Pourr.
1728 2860 1778 2911 l).
