1919 3199
809 156 889 198 353

226 295 479 344 praecedentis
513 294 641 330 haberi
676 294 826 329 debeat.
873 291 1110 338 Jampridem
1140 289 1293 325 nomine
1328 299 1422 324 novo
1456 287 1616 323 eandem

226 374 447 423 designavi,
495 373 562 409 sed
599 376 756 420 postea,
803 369 972 406 ulteriori
1013 368 1185 404 examine
1226 366 1398 413 suspicio
1431 370 1509 401 orta
1545 370 1619 415 est,

228 453 369 489 Linnaei
412 453 456 489 Ο.
489 456 663 499 repentem
703 450 738 485 in
783 449 852 484 hac
898 458 988 484 esse
1035 446 1303 493 quaerendam,
1349 443 1524 490 inprimis
1572 445 1620 479 ob

226 535 439 567 accuratam
474 529 774 575 descriptionem
808 531 845 562 et
875 526 1034 572 figuram
1073 524 1225 560 Dillenii
1258 525 1281 562 l.
1314 536 1367 572 c.,
1415 534 1433 558 a
1468 523 1620 557 Linnaeo

227 611 393 658 citatam,
420 619 503 655 quae
522 607 664 654 optime
683 606 718 642 in
747 610 876 641 nostra
912 605 1038 650 planta
1057 603 1233 649 quadrat.
1281 602 1414 650 Igitur,
1442 601 1473 637 si
1492 612 1621 636 revera

228 687 408 735 specifice
427 686 476 722 sit
500 685 693 732 distincta,
729 695 865 720 nomen
887 683 1146 728 Linnaeanum,
1172 693 1190 716 a
1210 680 1407 727 plerisque
1423 680 1622 715 autoribus

228 767 273 802 ad
309 765 353 804 O.
384 770 653 812 procurrentem
687 764 860 809 relatum,
895 761 980 796 huic
1014 759 1279 796 resituendum
1310 770 1398 794 esse
1425 769 1580 796 censeo·

119 856 298 893 Erinacea
326 865 489 901 pungens
524 853 650 889 Boiss.
685 853 819 900 (Hisp.
852 852 979 900 Erizo,
1015 850 1153 886 Piorno
1186 849 1298 893 azul).

231 933 354 969 Sierra
395 932 442 967 de
479 931 628 967 Alfacar
668 931 704 966 n.
737 933 904 977 granat.!
952 930 1060 966 Scala
1092 928 1183 977 Dei,
1230 927 1329 962 inter
1369 925 1545 971 Organzo
1589 929 1625 959 et

286 1010 424 1047 Olieno
458 1010 582 1054 (herb.
618 1010 792 1055 Pourr.)!

117 1104 306 1150 Spartium
327 1103 497 1147 junceum
529 1099 569 1134 L.
604 1098 734 1144 (Hisp.
770 1097 983 1146 Gayombo,
1017 1097 1172 1132 Retama
1207 1094 1372 1139 macho).

230 1178 459 1214 Villafranca
494 1177 554 1211 del
592 1176 749 1222 Vierzo,
784 1175 925 1222 Guejar
956 1175 1099 1219 (Sierra
1134 1169 1328 1218 Nevada)!

120 1270 209 1307 Uleoe
239 1278 427 1314 europaeus
463 1267 501 1301 L.
536 1267 596 1309 (U.
631 1266 889 1312 grandissorus
924 1257 1029 1301 herb.
1066 1265 1240 1308 Pourr.)!
1276 1262 1419 1298 Gallec.
1453 1262 1587 1298 Toixo.

233 1346 387 1387 Bilbao;
421 1344 456 1380 in
492 1344 658 1380 Gallecia
692 1344 896 1391 frequens3
932 1343 1158 1379 Villafranca
1192 1344 1254 1378 del
1290 1336 1444 1378 Vierzo!

121 1437 162 1475 U.
195 1449 314 1472 nanus
346 1434 476 1481 (Hisp.
512 1434 640 1480 Aliaga
673 1446 706 1470 v.
739 1434 884 1479 Aulaga
918 1435 1131 1481 pequefiaJ.

232 1514 269 1550 S.
318 1513 540 1562 Sebastiam,
597 1513 753 1562 Bilbao,
810 1512 1055 1557 Santander3
1118 1522 1186 1557 per
1247 1515 1360 1546 totam
1418 1509 1625 1546 Galleciam

286 1592 492 1638 frequens!

150 1671 261 1707 Obs.
324 1671 455 1705 Planta
497 1681 562 1715 per
596 1670 808 1716 peninsulae
840 1669 990 1705 ibericae
1025 1667 1239 1714 provincias
1278 1667 1456 1702 boreales
1489 1678 1521 1700 v.
1554 1665 1627 1702 ho-

233 1748 633 1794 reali-occidentales,
687 1752 727 1782 ut
766 1748 937 1795 videtur,
987 1747 1059 1782 late
1100 1746 1279 1792 dispersa
1320 1745 1367 1780 ad
1408 1745 1625 1780 varietatem

235 1826 388 1862 nomine
420 1826 626 1863 lusitanicoe
656 1838 673 1861 a
708 1827 818 1861 beato
854 1827 976 1861 Webb
1009 1824 1091 1871 (Ot.
1111 1825 1211 1870 hisp.
1232 1835 1267 1869 p.
1285 1823 1358 1868 36)
1388 1823 1626 1868 designatam

232 1905 359 1941 forsan
398 1904 576 1954 pertinet,
609 1904 782 1950 quamvis
815 1916 833 1939 a
868 1905 985 1939 forma
1020 1903 1140 1949 typica
1174 1913 1306 1949 parum
1336 1914 1366 1938 v.
1388 1902 1443 1936 vix
1469 1901 1626 1937 recedit.

229 1983 330 2020 Folia
365 1982 647 2032 primordialia,
681 1982 979 2029 cotyledonibus
1013 1981 1210 2029 proxima,
1260 1980 1452 2028 trifoliata,
1486 1979 1627 2014 foliolis

233 2061 373 2107 planis,
408 2060 601 2109 ellipticis,
635 2061 772 2110 acutis,
806 2072 891 2096 mox
925 2065 961 2096 et
994 2061 1140 2096 sensim
1174 2060 1209 2094 in
1243 2058 1379 2105 spinas
1413 2058 1626 2093 trifurcatas

233 2140 388 2186 abeunt,
424 2140 526 2186 quod
561 2151 715 2186 quoque
748 2140 783 2174 in
818 2140 862 2175 U.
897 2150 1073 2185 europaeo
1107 2137 1182 2173 vidi
1215 2142 1252 2172 et
1284 2137 1413 2172 forsan
1447 2136 1627 2171 omnibus

234 2217 351 2254 Ulicis
384 2217 591 2263 speciebus
624 2218 821 2253 character
852 2217 1068 2253 communis
1102 2220 1175 2265 est,
1214 2215 1287 2250 etsi
1321 2214 1456 2250 nullibi
1489 2214 1627 2249 obser-

234 2300 358 2331 vatum
385 2295 472 2332 vidi.

125 2387 167 2424 U.
197 2387 454 2423 ianthoclados
488 2386 556 2420 We
564 2386 623 2422 bb.

236 2463 278 2498 In
312 2463 452 2509 pinetis
485 2464 569 2499 solo
602 2474 766 2498 arenoso
800 2463 846 2498 ad
882 2462 1062 2498 Chiclana
1095 2461 1133 2496 ss.
1167 2461 1305 2507 gadit.1

127 2563 170 2600 [J.
203 2542 377 2600 australis
412 2564 530 2599 Clem.
573 2563 633 2610 (U.
654 2563 881 2609 parvissorus
915 2562 1071 2609 Pourr.,
1121 2562 1164 2597 U.
1195 2560 1438 2607 provincialis
1477 2559 1630 2604 Lois.‘?]

238 2641 368 2687 (Hisp.
402 2642 578 2686 Aulaga).

241 2720 281 2754 ln
324 2719 511 2766 Hispania
545 2719 699 2755 australi
741 2719 835 2755 satis
876 2720 1082 2766 frequens,
1131 2729 1162 2754 v.
1195 2729 1229 2754 c,
1264 2716 1465 2765 Granada,
1508 2716 1632 2750 Sierra

299 2799 344 2832 de
377 2799 541 2846 Alfacar,
577 2798 736 2845 Guejar,
770 2786 941 2846 M'alaga,
988 2796 1177 2844 Almeria,
1230 2795 1298 2831 Rio
1333 2796 1378 2830 de
1411 2796 1540 2840 Aguas
1575 2805 1632 2839 pr.

298 2875 481 2921 oppidum
520 2871 636 2912 Vera!

1304 2950 1343 2980 24
