1929 3277
1035 127 1090 165 40

472 262 701 309 adhaerente,
737 272 804 297 nec
837 261 1000 307 singulis
1038 260 1247 297 articulatis
1281 264 1318 296 et
1363 253 1577 298 matu'ritate
1619 262 1808 311 deciduis,

470 340 528 376 axi
560 341 696 376 florum
728 340 875 376 inferne
907 340 1039 386 glabro
1074 344 1143 375 etc.

397 419 469 454 ·Ad
503 430 620 464 sepes
653 431 710 465 pr.
745 420 960 455 Santander
993 417 1204 454 Cantabriae
1237 417 1340 463 (Oct.
1375 429 1406 454 c.
1441 418 1524 465 fr.)!

300 499 419 535 Avena
449 499 582 535 sterilis
614 499 653 533 L.

410 577 466 612 Ad
500 576 576 612 vias
611 581 646 612 et
676 577 713 612 in
746 577 847 624 agris
886 589 942 623 pr.
974 577 1108 613 urbem
1139 576 1233 612 Jaen
1268 576 1359 620 (Mai
1392 588 1425 613 e.
1460 572 1538 627 ss.)!

299 657 340 691 A.
373 657 574 693 bromoides
622 655 769 692 Gouan.
830 657 891 700 (A.
937 655 1132 702 pratensis
1179 656 1276 701 plur.
1325 660 1432 704 auth,
1485 667 1559 691 non
1608 656 1671 702 L.)
1714 657 1804 703 Lge.

410 745 490 770 exs.
524 746 558 771 n.
592 733 657 772 56.

410 814 451 849 In
486 813 672 860 Hispania
704 815 862 850 centrali
880 814 1062 861 frequens
1098 815 1242 860 (Sierra
1263 813 1538 865 Guadarrama,
1562 814 1804 862 Cienpozue-

464 894 537 944 los,
570 895 780 941 Aranjue23
812 893 976 931 Murcia!

324 1002 343 1024 „
405 969 447 1021 β.
480 977 675 1011 straminea
707 974 797 1020 Lge.
831 985 912 1010 exs.
947 985 982 1009 n.
1017 972 1084 1023 57,
1131 974 1237 1010 color
1269 973 1502 1019 spicularum
1531 975 1607 1021 J'am
1641 973 1806 1011 florendi

464 1057 635 1100 tempore
668 1053 1059 1090 aureo-stramineus.

404 1133 448 1168 In
481 1132 624 1178 campis
672 1132 784 1169 siccis
832 1134 878 1169 ad
924 1133 1055 1170 Monte
1101 1133 1247 1168 Torozo
1288 1143 1346 1179 pr.
1379 1132 1599 1169 Valladolid
1649 1133 1691 1177 (7
1723 1132 1800 1168 Jul.

461 1223 494 1247 c.
528 1208 604 1261 ss.)!

293 1293 334 1328 Α.
365 1292 509 1328 sulcata
540 1291 574 1326 J.
610 1289 688 1338 Gay
719 1291 756 1326 in
787 1291 868 1327 DR.
902 1293 951 1338 pl.
985 1293 1112 1329 Astur.
1147 1303 1228 1328 exs.
1263 1291 1401 1336 (Godr.
1435 1294 1466 1329 ἃ
1499 1291 1615 1331 Gren.
1645 1293 1671 1327 l.
1703 1303 1734 1330 c.
1767 1303 1803 1339 p.

405 1369 516 1416 516).

405 1451 461 1485 Ad
496 1461 634 1497 pagum
668 1451 701 1485 la
736 1449 952 1486 Castellana
987 1450 1162 1487 Galleciae
1202 1451 1243 1495 (2
1275 1452 1370 1497 Aug.
1405 1462 1437 1487 c.
1471 1452 1551 1498 f1·.);
1598 1452 1634 1487 in
1683 1451 1801 1499 pratis

460 1541 538 1576 reg.
602 1534 790 1565 montanae
837 1530 1051 1577 (Pinorum)
1098 1530 1282 1567 montium
1333 1530 1635 1578 Carpetanorum
1683 1543 1798 1578 supra

462 1620 599 1655 pagum
633 1609 891 1645 Guadarrama
925 1610 995 1654 (24
1025 1610 1114 1646 Jun.
1148 1621 1180 1646 c.
1214 1607 1289 1657 ss.)!

296 1691 337 1724 A.
367 1689 516 1736 filifolia
549 1688 636 1734 Lag.
668 1691 790 1735 forma
820 1687 981 1726 velulina
1011 1689 1140 1726 Boiss.
1174 1701 1256 1736 voy.
1289 1701 1325 1736 p.
1359 1688 1449 1728 655.

406 1768 448 1802 In
494 1772 621 1803 monte
670 1767 795 1803 Sierra
842 1768 888 1804 de
934 1769 1083 1804 Alfacar
1128 1769 1162 1806 ss.
1211 1769 1363 1807 Granat.
1453 1769 1522 1814 (27
1567 1769 1659 1816 Apr.
1693 1780 1724 1806 c.
1763 1768 1800 1806 ss.

457 1847 623 1893 juven.)!
919 1836 923 1840 ,

295 1927 337 1962 A.
371 1925 569 1974 lonyifolz'a
614 1926 762 1974 Thore7
809 1938 930 1973 prom.
963 1927 1049 1972 golf.
1085 1927 1197 1963 Gasc.
1232 1939 1266 1974 p.
1299 1927 1353 1966 92
1399 1928 1504 1975 (Lge.
1540 1940 1620 1964 exs.
1655 1940 1689 1965 n.
1722 1926 1799 1975 583

405 2005 731 2041 Arrhenatherum
763 2006 903 2042 Thorei
936 2007 1156 2052 Desmoul.;
1203 2007 1246 2044 A.
1280 2008 1428 2054 pallens
1465 2008 1505 2057 β,
1540 2007 1798 2044 cantabricum

405 2084 532 2121 Willk.
567 2085 664 2121 Sert.
697 2097 733 2131 p.
774 2081 886 2136 160).

404 2164 444 2199 In
478 2163 640 2199 collibus
674 2164 800 2212 siccis,
834 2164 984 2200 erieetis
1018 2165 1214 2212 Hispaniae
1247 2166 1412 2202 borealis
1447 2166 1533 2202 hinc
1564 2166 1668 2217 inde,
1705 2178 1736 2204 v.
1769 2178 1799 2204 c.

462 2243 600 2279 Cuesta
632 2245 825 2289 Descarga
860 2243 1092 2291 Cantabriae3
1153 2245 1189 2280 in
1225 2246 1389 2281 Gallecia
1423 2247 1469 2281 ad
1504 2245 1721 2296 Piedrafita,
1763 2247 1796 2282 la

461 2322 692 2372 Castellana,
726 2324 914 2363 Donifiosq
950 2323 1084 2360 Cabral
1117 2335 1174 2370 pr.
1207 2325 1303 2370 Vigo
1337 2330 1407 2362 etc.
1447 2322 1662 2375 (hh-Aug.
1695 2336 1726 2362 e.
1763 2324 1800 2360 fl.

459 2406 494 2437 et
526 2403 599 2447 fr.)!

293 2483 333 2518 Α.
365 2481 497 2519 elatior
528 2482 568 2517 L.
603 2482 944 2528 (Arrhenatherum
978 2483 1086 2519 Mert.
1119 2485 1149 2519 &
1181 2482 1255 2529 K.>.

403 2561 443 2596 In
480 2561 643 2597 Gallecia
677 2561 1014 2612 frequentissimw,
1046 2562 1257 2598 Eneinillas
1286 2562 1406 2609 (prov.
1440 2562 1628 2609 Burgos)!

347 2666 368 2691 77
400 2642 440 2691 β,
471 2642 622 2678 bulbosa
655 2641 776 2677 Gaud.

405 2721 532 2767 Lug03
565 2721 702 2756 Puerto
737 2722 783 2757 de
814 2722 1012 2758 Manzanal
1047 2718 1182 2773 (mont.
1217 2721 1406 2769 Legion.),
1440 2722 1676 2761 Benavente!

293 2799 377 2836 Obs.
440 2799 690 2836 characteres
724 2801 949 2837 distinctivae
994 2801 1091 2837 inter
1140 2812 1281 2847 genera
1333 2801 1449 2838 hodie
1497 2804 1607 2849 vulgo
1642 2807 1792 2850 recepta

402 2880 537 2914 Avenae
570 2883 605 2914 et
637 2879 908 2915 Arrhenatheri
943 2881 1053 2916 nobis
1086 2892 1161 2916 non
1195 2881 1284 2916 tanti
1318 2882 1500 2917 momenti
1532 2882 1722 2930 videntur⁷
1755 2886 1794 2918 ut
