1929 3277
983 130 1039 167 90

260 262 384 298 Urtira
416 265 539 298 dioeca
574 263 613 296 L.
647 261 780 307 (Hisp.
816 261 947 306 Ortiga
981 265 1144 308 mayor).

374 340 413 373 1η
448 339 635 384 Hispania
668 338 813 373 boreali
854 344 891 374 et
931 340 1091 374 centrali
1123 340 1329 385 frequens!
1379 339 1576 375 Meridiem
1609 349 1766 386 versus⁷

427 421 467 451 ut
499 416 662 462 videtur,
696 415 870 450 rarescit.

261 494 468 529 Pariecaria
499 496 636 539 diffusa
667 495 780 529 Mert.
814 493 849 528 δὲ
881 494 989 529 Koch
1022 494 1154 539 (Hisp.
1189 494 1404 537 Peiosiila).

372 571 412 605 In
446 571 568 607 muris
599 571 830 617 rupiumque
863 572 1018 607 fissuris
1051 583 1121 617 per
1151 576 1268 606 totam
1288 570 1519 616 Hispaniam
1537 569 1700 616 passim,
1733 573 1772 603 et

426 660 445 683 a
479 649 591 683 variis
624 649 823 683 autoribus
858 648 971 683 variis
1005 649 1225 683 nominibus
1266 649 1324 691 (P.
1354 647 1523 695 judaica,
1569 647 1611 682 P.
1645 645 1772 681 osffci-

428 725 543 774 natis,
591 726 632 760 P.
666 726 810 767 erecta)
843 726 1061 770 designata.
1125 726 1293 774 Statura,
1341 725 1519 760 foliorum
1550 723 1671 759 forma
1702 719 1772 772 (ab

428 803 767 838 orbiculari-ovata
814 804 860 838 ad
917 804 1186 847 lanceolatam)
1242 808 1313 838 ete.
1362 802 1524 838 maxime
1577 799 1772 835 variabilis

429 881 564 928 stirps,
599 887 634 916 et
666 881 861 915 nonnullae
894 881 978 926 ejus
999 881 1126 916 formae
1152 880 1376 915 excentricae
1397 881 1434 915 P.
1455 885 1577 916 erectoe
1592 878 1645 914 M.
1665 877 1701 911 ἅτ
1722 877 1770 911 Κ.

430 959 530 993 baud
566 958 795 1004 dissimiles,
830 958 900 993 sed
935 958 1012 992 baec
1046 958 1216 1004 species,
1267 959 1432 1003 Europae
1465 954 1774 992 boreali-orien—

430 1036 514 1070 talis
548 1036 655 1085 civis,
689 1036 724 1070 in
762 1035 947 1081 Hispania
982 1040 1083 1069 certe
1118 1047 1192 1070 non
1227 1036 1406 1071 occurrit.

263 1115 300 1149 Ρ.
319 1116 569 1150 mauritanica
586 1115 682 1162 DR.,
717 1113 885 1160 species,
921 1123 1028 1158 aeque
1055 1124 1096 1148 ac
1123 1113 1241 1160 prior,
1261 1118 1302 1148 ut
1318 1113 1480 1160 videtur,
1503 1109 1776 1158 polymorpha.

375 1191 565 1236 Praecipue
600 1192 696 1226 duas
731 1191 873 1226 formas
907 1190 1084 1235 insignes
1129 1190 1271 1237 notavi,
1304 1189 1480 1225 ulteriori
1512 1186 1775 1224 observationi

372 1267 532 1313 dignas:
985 1248 990 1250 ⁴

260 1373 279 1393 „
310 1347 350 1395 β,
385 1348 551 1393 latifolia
573 1347 678 1394 Lge.,
714 1346 821 1381 caule
842 1346 1165 1394 simpliciusculo,
1199 1345 1299 1380 foliis
1329 1346 1404 1379 late
1424 1340 1776 1388 rhombeo-ovatis⁷

371 1425 533 1470 abrupte
565 1424 808 1470 acuminatis,
844 1424 983 1458 lamina
1018 1423 1128 1458 basin
1160 1426 1304 1458 Versus
1337 1422 1373 1457 in
1400 1422 1582 1468 petiolum
1604 1421 1775 1456 subcon-

382 1506 514 1547 tracta,
551 1503 671 1548 cymis
705 1501 961 1547 (junioribus)
994 1500 1432 1545 glomerato-congestis
1465 1503 1553 1544 (nec
1572 1499 1776 1547 elongatis,

373 1580 678 1624 pedunculatis).

373 1657 413 1691 In
448 1657 639 1703 Hispania
674 1657 789 1705 (circa
815 1655 993 1700 Gades?)
1028 1656 1194 1691 Cabrera
1228 1656 1265 1690 in
1292 1656 1356 1691 hb.
1389 1655 1566 1700 Agardht
1612 1655 1781 1690 Caciilas

432 1734 650 1777 (Caecum)
687 1734 889 1770 Lusitaniae
923 1735 1006 1778 (bb.
1042 1734 1277 1778 Schousb.)t

263 1839 284 1859 ,7
317 1826 355 1860 y,
389 1817 508 1849 minor
543 1815 648 1862 Lge.,
684 1813 939 1861 multicaulis,
975 1812 1152 1859 gracilis,
1192 1811 1368 1846 caulibus
1400 1809 1776 1856 3-5-pollicaribus3

374 1890 475 1926 foliis
523 1902 636 1936 quam
677 1891 712 1925 in
755 1896 844 1936 typo
883 1892 1051 1936 *2-4-pio
1085 1889 1323 1936 minoribus,
1371 1888 1489 1934 cymis
1534 1889 1778 1935 laxiuscuiis,

376 1969 540 2004 breviter
574 1969 861 2015 pedunculatis.

374 2047 583 2092 Jarayseco
616 2048 907 2082 Extremadurae
940 2044 1023 2095 (bb.
1059 2045 1292 2088 Sebousb.)!

266 2123 380 2159 Obs.
444 2125 658 2160 Varietates
692 2136 809 2171 supra
851 2128 1157 2159 commemoratae
1200 2123 1287 2157 binc
1320 2124 1378 2170 (β)
1420 2123 1465 2156 ad
1506 2123 1546 2156 P.
1587 2118 1776 2167 diffusam,

321 2202 407 2236 hinc.
439 2204 501 2248 (y)
534 2204 579 2237 ad
603 2205 643 2240 P.
663 2206 897 2239 lusitaniram
929 2202 1133 2249 accedunt,
1168 2202 1236 2236 sed
1273 2201 1373 2235 notis
1399 2199 1554 2245 optimis
1574 2199 1778 2239 distinctae,

322 2284 356 2314 et
390 2280 463 2314 nisi
497 2282 593 2315 forte
627 2282 806 2327 specifice
851 2280 1151 2327 distinguendae,
1201 2290 1285 2313 cum
1321 2279 1360 2312 P.
1394 2277 1643 2312 mauritanica
1677 2281 1780 2311 certe

323 2358 508 2393 associari
543 2359 699 2395 debent.
777 2360 808 2395 A
839 2359 879 2393 P.
915 2358 1054 2393 diffusa
1089 2357 1188 2392 enim
1225 2357 1408 2391 recedunt
1440 2356 1549 2391 caute
1584 2353 1783 2399 glabrius-

323 2436 433 2483 culo,
481 2437 581 2471 foliis
629 2436 818 2471 trinerviis
869 2438 956 2479 (nec
996 2434 1286 2482 triplinerviis),
1334 2434 1487 2478 longius
1536 2431 1779 2477 acuminatis,

327 2515 567 2562 papyraceis,
601 2513 778 2560 caryopsi
809 2518 992 2548 castaneo
1026 2514 1115 2559 (nee
1149 2512 1298 2556 nigro);
1331 2524 1349 2545 a
1370 2512 1410 2547 P.
1444 2510 1645 2546 lusitanica
1679 2509 1783 2544 foliis

326 2592 576 2639 acuminatis,
632 2592 792 2638 pilosis,
856 2591 1022 2625 bracteis
1077 2590 1302 2638 latioribus,
1363 2589 1481 2634 cymis
1535 2587 1781 2635 multifloris,

328 2669 525 2714 perigonio
560 2667 586 2716 ἕ
620 2670 806 2704 deflorato
839 2673 1087 2704 accrescente
1120 2673 1192 2702 etc.
1225 2667 1380 2701 abunde
1412 2665 1714 2711 distinguuntur.

271 2748 312 2783 P.
346 2747 547 2785 lusitanica
576 2748 618 2782 L.

384 2826 544 2870 'l‘rujillo
578 2831 612 2860 et
644 2825 883 2859 Navalmoral
918 2823 1207 2858 Extremadurae
1239 2822 1322 2866 (hb.
1357 2821 1588 2864 Schoustm!
