1929 3277
816 112 868 150 73

91 252 224 290 Allium
254 252 452 288 oleraceum
482 248 525 288 L.

203 331 326 377 Prope
358 328 542 376 oppidum
576 328 680 372 Lugo
715 325 909 361 Galleciae!

95 412 137 448 A.
170 412 374 446 carinatum
405 409 446 443 L.
487 407 549 452 (A.
582 408 897 441 monserratense
929 404 1061 439 Pourr.
1098 402 1242 447 herb.].

205 488 426 524 Monserrat
457 484 652 532 (Pourr.)!

93 568 135 604 A.
165 567 306 613 pallens
339 566 379 600 L.

204 644 261 679 Ad
295 647 447 690 portum
480 642 552 677 Stae
583 639 710 677 Mariae
742 639 854 686 (herb
889 637 1120 685 Sehousb.)!

95 726 137 761 A.
171 724 420 761 ochroleucum
450 721 510 757 W.
544 719 619 756 Kit.

207 803 248 837 ln
281 800 442 846 rupibus
475 799 521 834 ad
554 798 708 834 Bilbao!
741 797 821 842 (Pio
852 795 1001 832 Lhieris
1034 796 1169 841 Pyren.
1204 794 1338 839 Galim

93 907 122 930 ,7
153 881 193 931 β,
226 883 436 916 ericam-rum
468 878 530 924 (A.
564 877 788 912 ericetorum
814 877 954 924 Thore‚
988 876 1032 911 Α.
1066 875 1295 911 suaveolens
1327 871 1444 908 Jan.‘.2
1486 872 1591 906 Plan.

206 959 350 1004 Ensay.
384 969 420 1004 p.
451 955 563 1005 382),
598 955 789 992 Humilior
814 955 1014 1000 magisque
1047 957 1257 1001 compacta7
1291 950 1450 987 floribus
1483 950 1595 995 vulgo

209 1037 355 1073 roseis!
388 1036 496 1082 (Lge.
530 1046 611 1071 eXS.
645 1046 682 1070 n.
718 1034 847 1079 1390!

207 1116 250 1151 In
284 1115 434 1151 ericetis
468 1114 659 1150 montanis
693 1118 729 1149 et
760 1113 958 1149 maritimis
994 1111 1171 1149 Galleciae
1208 1111 1392 1156 frequens
1432 1109 1484 1154 (la
1519 1107 1596 1143 Co-

261 1197 370 1242 rufia,
404 1194 577 1243 Passaje,
612 1193 737 1229 Sierra
768 1192 950 1229 Meirama
985 1192 1076 1234 etc.)
1109 1202 1179 1226 nec
1211 1201 1287 1225 non
1320 1188 1358 1223 in
1392 1185 1595 1223 Cantabria

263 1273 310 1308 ad
345 1273 561 1308 Santander
593 1275 664 1308 etc.
698 1270 960 1317 (Aug.-Oct.
994 1282 1026 1309 c.
1059 1270 1097 1305 ss.
1131 1273 1168 1305 et
1198 1269 1280 1313 fr.)!

98 1352 323 1400 Asphodelus
362 1353 574 1399 tenuifolius
614 1351 702 1387 Cav.
743 1351 840 1394 [Bal.
884 1351 935 1397 pl.
975 1350 1059 1396 Alg.
1100 1360 1137 1384 n.
1177 1347 1290 1391 219).
1351 1344 1598 1382 Anthericum

209 1441 376 1467 annuum
408 1431 542 1466 Pourr.
577 1430 685 1467 herb.

208 1509 352 1546 Murcia
372 1510 483 1553 (Nov.
516 1520 547 1544 c.
580 1509 663 1555 fr.)!
696 1509 820 1544 Sierra
841 1508 962 1544 Elvira
997 1508 1034 1543 ss.
1069 1506 1224 1542 Granat.
1257 1504 1327 1554 (24
1345 1505 1437 1550 Apr.
1470 1502 1598 1547 c.ss.)!

97 1591 138 1626 A.
170 1590 358 1637 fistulosus
390 1590 430 1626 L.

213 1669 255 1703 In
288 1679 406 1714 regno
442 1667 610 1704 Murcico
645 1672 680 1703 et
713 1666 943 1703 Granatensi
975 1667 1179 1712 frequens!

99 1749 407 1794 A.m2·crocarpus
425 1747 508 1782 Viv.
542 1747 593 1791 (J.
614 1746 705 1793 Gay.
727 1746 825 1781 Bull.
847 1747 932 1781 Soc.
966 1746 1043 1781 hot.
1079 1746 1136 1780 Fr.
1170 1743 1209 1793 4,
1242 1742 1362 1790 609);
1395 1744 1435 1777 A.
1457 1744 1601 1777 oestivus

214 1827 339 1871 Brot.;
379 1828 424 1862 A.
458 1825 650 1872 pratensis
684 1826 815 1861 Pourr.
849 1825 977 1860 herb.!

212 1907 254 1941 In
287 1905 406 1952 pratis
439 1905 487 1940 ad
519 1916 659 1951 pagum
693 1904 976 1948 Guadarrama3
1011 1904 1044 1939 la
1066 1902 1261 1939 Carolina!
1292 1901 1329 1937 in
1363 1900 1482 1948 pratis
1509 1900 1601 1936 Gal-

269 1984 370 2020 leciae
403 1982 593 2032 (Pourr.)!

99 2067 141 2101 A.
168 2066 383 2111 cerasiserus
414 2063 449 2098 J.
470 2062 562 2109 Gay.
596 2064 853 2107 (A.ramosus
886 2063 927 2098 L.
961 2075 1005 2098 ex
1035 2075 1088 2109 μ,
1120 2063 1164 2099 Α.
1185 2061 1296 2097 albus
1317 2060 1449 2095 Pourr.
1478 2058 1570 2094 herb
1599 2059 1605 2093 !

213 2144 305 2189 Lge.
339 2153 419 2178 exs.
453 2153 491 2176 n.
526 2141 653 2188 132).
1158 2185 1171 2193 .

213 2222 271 2257 Ad
304 2232 391 2257 oras
423 2220 694 2256 Mediterranei
726 2221 908 2267 frequens
941 2221 1107 2266 (Malaga
1137 2220 1224 2255 Jan.
1257 2231 1288 2254 c.
1324 2219 1399 2262 ss.)!

103 2303 143 2338 Α.
177 2301 280 2339 albus
314 2301 355 2337 L.
387 2300 448 2344 (A.
482 2300 602 2346 major
633 2300 765 2337 Pourr.
800 2300 938 2343 heim)

215 2381 257 2415 In
290 2378 435 2425 campis
469 2378 515 2413 ad
550 2378 827 2415 Guadarrama!
862 2379 900 2414 S.
936 2379 973 2414 P.
1008 2379 1054 2413 de
1087 2379 1240 2414 Montes
1260 2377 1450 2424 (Pourr.)!
1485 2374 1601 2410 Cerro

216 2459 509 2504 Fuendalapena
543 2469 598 2503 pr.
631 2457 746 2494 Jaen!

106 2540 274 2575 Simethis
301 2539 504 2586 plam'folia
535 2536 612 2584 (L.)
646 2537 761 2572 Gren.
795 2537 830 2572 ἅ
863 2536 981 2572 Godr.

218 2617 259 2652 ln
288 2617 480 2653 montibus
516 2616 689 2652 Galleciae
722 2617 768 2661 ad
801 2615 980 2661 Santiago
1014 2619 1050 2650 et
1085 2616 1219 2650 Puerto
1256 2614 1301 2649 de
1335 2612 1556 2648 Piedrafita!

110 2697 311 2733 Paradisea
345 2697 555 2733 Liliastrum
587 2695 665 2741 (L.)
698 2695 839 2730 Bertol.

221 2774 336 2809 Nuria
368 2775 564 2820 (Pourr.)!

111 2852 357 2900 Phazanyiam
391 2855 534 2903 Liliaqo
566 2854 644 2899 (L.)
680 2853 837 2888 Schrob.

219 2927 264 2968 In
299 2931 463 2968 Gallecia
498 2934 597 2977 (loco
630 2944 704 2967 non
738 2931 922 2976 indicato)
957 2932 1111 2966 Pourr.!
