1919 3199
952 120 1035 160 304

782 274 916 315 Lxxn.
979 275 1195 315 Silenaceae.

241 369 375 406 Velezia
406 371 532 414 riyida
565 369 604 404 L.

348 446 548 482 Carueedo
592 450 626 481 et
668 447 724 482 las
763 447 942 482 Medoias
975 443 1178 493 (Vierzojz
1229 445 1448 480 Valcahado
1493 445 1539 480 de
1584 445 1741 481 Par-amo

405 526 570 571 (Leon];
621 526 765 561 Fuente
799 525 1017 560 castellana
1054 529 1089 559 et
1123 523 1220 559 Casa
1254 524 1300 558 de
1335 523 1479 570 Campo
1514 524 1549 558 ss.
1583 523 1741 572 Matrit.,

407 605 618 650 Aranj11023
650 604 816 640 Murcia!
865 603 969 649 Ecija
1003 602 1255 649 (Schousb.)1

237 695 420 730 Dianthus
451 697 615 731 Armeria
650 692 736 741 Μ’)

349 772 503 821 Biibao3
540 772 767 807 villafranca
801 772 862 806 dei
895 771 1051 808 Vierzol
1087 771 1125 807 S.
1145 769 1261 805 Pablo
1289 770 1335 804 de
1360 770 1514 806 Montes
1548 765 1744 814 (Pourr.]!

239 864 281 898 D.
316 863 486 899 deltoides
519 863 559 898 L.

349 942 422 976 Las
464 941 589 976 Navas
637 942 684 976 de
727 941 800 976 San
843 939 1009 974 Antonio
1052 938 1228 985 (Casteil.
1268 934 1381 989 vet.)!
1449 938 1654 987 Aranjuez⁷
1703 938 1742 973 S.

406 1020 523 1054 Pablo
558 1020 605 1054 de
637 1019 790 1054 Montes
825 1016 1021 1069 (Pourr.)!

240 1110 289 1147 D.
319 1121 484 1155 punyens
519 1108 601 1144 God
609 1120 638 1143 r.

353 1187 391 1222 ln
427 1187 617 1232 glareosis
651 1187 697 1221 ad
732 1187 954 1222 Valcabado
989 1187 1035 1222 de
1069 1187 1228 1221 Paramo
1263 1184 1420 1233 (Leon),
1453 1184 1476 1221 9
1508 1184 1585 1219 Jul.
1619 1196 1650 1219 c.
1685 1181 1745 1222 ss.!

237 1280 283 1314 D.
318 1282 525 1314 attenuatus
558 1278 631 1312 Sm.
665 1287 764 1314 var.
798 1278 898 1313 caule
929 1278 1098 1323 elonyalo
1133 1275 1310 1320 (Willk.).

349 1356 391 1390 In
426 1356 509 1390 solo
551 1355 937 1400 argilloso-calcarco
970 1355 1014 1389 ad
1050 1355 1106 1390 las
1139 1355 1316 1391 Medolas
1356 1354 1544 1401 (Vierzo)‚
1587 1350 1636 1390 19
1669 1352 1745 1388 Jul.

404 1446 435 1469 c.
471 1433 558 1470 ΠΛ.

241 1527 285 1562 Ι).
320 1526 493 1561 Planellae
528 1523 657 1558 Wilik.
687 1523 797 1572 (Lge.
834 1535 915 1559 exs.
945 1524 991 1558 N.
1025 1521 1141 1571 358),
1175 1523 1220 1558 D.
1240 1521 1551 1569 caespitosifolius
1585 1519 1745 1555 Pianell.

349 1604 493 1649 Ensay.
528 1614 564 1648 p.
600 1601 693 1641 118.

351 1683 392 1717 ln
435 1680 591 1717 fissuris
632 1681 782 1727 rupium
817 1681 862 1715 ad
897 1680 1081 1726 oppidum
1115 1680 1195 1725 Tuy
1229 1677 1418 1714 Galieciae.
1488 1678 1541 1717 25
1583 1678 1680 1723 Aug.
1714 1688 1746 1716 c.

410 1761 446 1795 ss.
482 1764 518 1794 et
550 1755 614 1796 fn!

240 1852 287 1886 D.
320 1852 533 1897 hispanicus
565 1849 683 1897 Asso,
715 1850 837 1895 forma
870 1849 1047 1885 australis
1081 1848 1210 1883 Wilik.

355 1929 393 1962 in
428 1927 593 1963 collibus
627 1926 810 1962 calcareis
844 1927 891 1961 ad
923 1927 1152 1975 Encinillas,
1182 1927 1311 1962 Monte
1344 1926 1490 1960 Torozo
1526 1936 1582 1970 pr.
1616 1923 1747 1958 Valla-

410 2001 537 2043 dolid!
571 2006 602 2040 la
635 2005 797 2041 Manena
832 2005 1021 2051 (Pourr.)!
1056 2005 1144 2040 Silia
1179 2005 1239 2040 dei
1274 2005 1382 2041 Moro
1416 2015 1472 2050 pr.
1509 2002 1709 2038 Granadai

274 2220 295 2258 *)
336 2219 468 2250 Dianthi
496 2226 603 2257 genus
629 2226 689 2258 pro
715 2219 860 2248 maxima
886 2221 979 2258 parte
1005 2217 1242 2248 determinavit
1266 2218 1364 2247 amic.
1391 2215 1477 2252 Prof.
1503 2214 1712 2246 Wilikomm.

377 2274 589 2314 inquirendae
624 2275 764 2313 insuper
794 2277 826 2304 et
858 2273 1123 2305 determinandae
1157 2278 1338 2312 sequentes
1366 2271 1499 2304 Dianthi
1534 2272 1675 2311 speeies,
1713 2270 1746 2300 in

333 2331 487 2362 berhario
513 2330 732 2361 Ponrretiano
758 2334 977 2367 conservatae,
1004 2339 1020 2360 a
1047 2339 1110 2367 me,
1137 2334 1299 2370 tempore,
1326 2338 1392 2369 quo
1407 2329 1526 2359 Matriti
1552 2327 1747 2358 herbarium

334 2388 437 2418 hocce
463 2389 651 2427 pretiosum
678 2387 812 2417 cursive
837 2387 1051 2426 perlustravi,
1079 2386 1167 2417 haud
1188 2386 1437 2417 determinatae:

447 2444 491 2474 D.
519 2442 713 2474 ericetorum
739 2442 853 2474 Pourr.
881 2442 1005 2481 (forsan
1033 2442 1067 2473 D.
1095 2441 1253 2473 planella)
1281 2441 1414 2478 Wilik.).

511 2501 638 2531 Orense
664 2499 817 2538 (Pom-nn

444 2556 487 2587 D.
510 2555 710 2596 'subbiflorus
734 2555 851 2586 Pourr.

511 2613 716 2651 Pefiagolosa
742 2611 899 2650 (Pou1·r.i!

447 2668 491 2699 D.
517 2667 678 2709 rupestris
705 2668 817 2699 Pourr.

511 2723 614 2763 Lugo,
641 2724 802 2763 Monseuy
828 2723 982 2762 (Pourrfl

446 2780 490 2813 D.
515 2778 700 2820 fimbriatus
724 2780 818 2810 herb.
845 2780 958 2810 Pourr.

509 2837 685 2875 Aragonia,
712 2836 912 2868 Montserrat
937 2835 1091 2874 (Ponrr.)!
