1919 3199
997 147 1080 187 354

314 284 428 321 obs.
494 285 651 331 Species
686 284 893 319 admodum
928 282 1136 332 variabilis,
1171 283 1285 319 ramis
1315 284 1430 319 modo
1459 284 1655 335 brevibus,
1688 296 1797 321 cras-

399 362 476 410 sis,
525 362 765 412 divaricatis,
820 362 935 397 modo
981 361 1250 406 gracilioribus
1290 366 1326 397 et
1365 362 1627 409 longioribus,
1675 363 1796 409 magis

398 441 570 477 minusve
603 440 915 488 erecto-patulis,
948 439 1110 475 floribus
1142 440 1358 477 minoribus
1390 453 1423 476 v.
1450 441 1676 490 majoribus,
1711 452 1797 476 mox

398 520 519 556 dense
552 520 806 566 corymboso-
838 531 871 554 v.
905 519 1364 568 paniculato-congestis,
1399 532 1483 556 mox
1517 531 1633 556 secus
1666 531 1796 555 ramu-

396 600 455 635 los
489 598 683 645 dispersis
717 602 753 634 et
783 597 942 634 invicem
977 596 1158 645 remotis,
1193 598 1398 634 bracteolis
1432 598 1605 634 ovalibus
1630 611 1662 633 v.
1689 599 1796 634 orbi-

396 677 616 727 cularibus,
663 677 734 713 alis
777 675 1018 712 ochroleucis
1051 687 1083 711 v.
1118 676 1348 713 aurantiacis
1391 682 1460 713 etc.
1540 678 1681 713 Forsan
1723 677 1795 712 sub

396 756 456 792 his
490 756 621 791 formis
655 757 787 802 plures
821 754 973 801 species
1001 754 1134 799 latent,
1168 759 1203 790 et
1229 759 1306 791 tum
1333 756 1494 792 ulterius
1519 755 1791 802 inquirendum

396 839 477 884 est,
527 834 558 871 si
602 836 645 872 U.
678 836 856 872 australis
889 832 1100 870 Clementei
1140 844 1269 869 revera
1315 834 1479 870 identica
1528 835 1577 870 sit
1623 845 1707 870 cum
1750 834 1791 872 [J.

392 916 596 961 parvisloro
629 914 764 951 Pourr.
797 914 859 957 (U.
886 912 1106 959 provinciali
1139 912 1263 955 Lois.)
1297 924 1315 948 e
1350 912 1673 962 Galloprovincia,
1708 924 1791 948 nam

396 993 509 1039 hujus
551 992 788 1043 specimina,
837 1001 920 1038 quae
960 990 1060 1026 circa
1100 991 1315 1027 Massiliam
1368 992 1464 1040 legi,
1510 992 1610 1028 haud
1659 1003 1791 1038 parum

396 1071 545 1106 diversa
579 1071 669 1107 mihi
701 1071 877 1106 videntur
909 1081 927 1105 a
961 1069 1092 1105 formis
1133 1070 1355 1120 plerisque,
1403 1081 1500 1117 quas
1532 1071 1569 1106 in
1605 1070 1789 1117 Hispania

395 1150 483 1198 vidi,
518 1150 707 1196 praecipue
739 1149 856 1185 ramis
890 1150 1009 1185 multo
1036 1148 1320 1198 gracilioribus,
1354 1148 1501 1185 facilius
1533 1149 1793 1194 comprimen-

395 1229 471 1276 dis,
506 1229 684 1275 stigmate
702 1240 788 1264 vere
808 1232 1019 1264 retrorsum
1048 1226 1183 1263 declivi
1212 1228 1339 1274 (quod
1367 1227 1403 1262 in
1431 1229 1558 1274 planta
1594 1227 1791 1274 hispanica

400 1308 601 1354 plerumqe
634 1306 834 1342 terminale
868 1306 987 1341 aliove
1021 1307 1138 1341 latere
1172 1306 1315 1341 declive
1346 1306 1451 1350 vidi).

283 1387 324 1423 U.
358 1398 544 1423 canescens
575 1386 667 1431 Lge.
702 1385 836 1421 sched.
870 1386 922 1431 pl.
953 1396 1051 1434 exs.,
1084 1388 1180 1421 rami
1210 1385 1319 1420 valde
1352 1384 1531 1434 intricati,
1564 1384 1698 1420 ramuli
1733 1385 1792 1419 di-

393 1464 544 1499 varicati
591 1476 622 1500 v.
657 1463 824 1512 recurvi,
873 1463 995 1498 dense
1037 1474 1131 1498 cano
1172 1462 1329 1507 sericei3
1373 1464 1569 1510 phyllodia
1614 1463 1790 1510 primaria

396 1543 539 1591 brevia,
573 1543 937 1589 ovato-lanceolata,
972 1541 1402 1591 subulam-pungentia,
1435 1553 1627 1577 ramorum
1662 1546 1697 1576 et
1728 1553 1792 1577 ra-

394 1623 583 1658 mulorum
619 1632 752 1667 parum
786 1621 982 1669 longiora,
1031 1621 1472 1669 lanceolam-subulam,
1516 1620 1641 1656 omnia
1673 1631 1790 1656 cano-

396 1700 562 1747 sericea;
592 1701 706 1748 flores
739 1699 889 1749 minuti,
925 1698 1085 1735 solitarii
1117 1711 1148 1734 v.
1183 1698 1323 1744 gemini
1356 1700 1401 1734 ad
1436 1699 1566 1745 apices
1600 1710 1791 1734 ramorum

395 1778 523 1825 sparsi
556 1790 587 1816 v.
621 1777 1152 1826 subcorymboso-congesti,
1193 1779 1384 1814 bracteolae
1414 1778 1674 1827 orbiculareS,
1708 1789 1790 1813 cum

396 1857 524 1904 calyce
573 1858 694 1892 dense
741 1856 1034 1902 albo-sericeae3
1082 1856 1217 1903 calycis
1264 1860 1464 1902 segmenta
1511 1856 1648 1892 vexillo
1696 1857 1792 1892 sub-

395 1935 584 1984 breviora,
619 1934 800 1970 dentibus
834 1934 1082 1979 lanceolatis3
1113 1937 1238 1982 petala
1272 1935 1413 1981 pallide
1445 1936 1546 1971 lutea
1579 1934 1649 1970 alis
1683 1935 1790 1981 apice

393 2013 540 2049 croceis
575 2013 774 2060 exceptis3
807 2017 939 2060 sziyrna
971 2018 1189 2049 antrorsum
1225 2014 1381 2049 declive.

394 2093 435 2127 In
471 2092 631 2139 rupibus
666 2092 886 2138 trachyticis
921 2092 1172 2138 promontorii
1201 2092 1421 2128 Charidemi
1447 2091 1574 2136 (Cabo
1607 2093 1654 2128 de
1681 2092 1793 2136 Gata)

450 2170 500 2208 19
533 2171 672 2206 Decbr.
707 2182 738 2206 c.
773 2171 830 2207 ss.!

312 2248 423 2284 Obs.
485 2249 570 2284 Non
604 2250 686 2285 laete
719 2249 874 2297 viridis,
916 2253 955 2284 ut
988 2260 1047 2296 sp.
1081 2250 1330 2299 praecedens,
1377 2250 1446 2286 sed
1480 2261 1498 2285 a
1531 2249 1644 2285 variis
1678 2249 1792 2296 hujus

395 2328 553 2377 formis,
597 2339 694 2374 quas
727 2328 823 2376 vidi,
875 2327 1010 2363 eximie
1043 2327 1171 2363 differt
1202 2328 1427 2364 indumento
1467 2329 1589 2364 dense
1629 2328 1791 2376 sericeo,

395 2417 471 2452 quo
506 2410 581 2441 tota
617 2407 744 2453 planta
780 2417 995 2442 canescens
1037 2406 1183 2452 evadit3
1230 2418 1300 2442 nec
1334 2418 1407 2442 non
1442 2386 1631 2452 stigmatis
1666 2406 1792 2442 direc-

396 2484 496 2520 tione
531 2485 694 2520 diversa.
775 2485 877 2520 lnter
909 2484 1078 2531 reliquas
1112 2485 1265 2531 species
1303 2485 1339 2520 in
1381 2485 1656 2532 monographia
1689 2485 1792 2521 beat.

396 2563 548 2598 Webbii
582 2563 800 2609 descriptas
836 2568 870 2598 et
905 2564 1118 2599 delineatas
1144 2563 1316 2610 proxime
1342 2563 1492 2599 accedit
1515 2564 1561 2598 ad
1592 2564 1634 2601 U.
1656 2575 1790 2610 arqen-

395 2647 486 2677 ιε’-ατη
519 2641 655 2690 Wbb.,
689 2642 760 2678 sed
794 2653 836 2677 ex
871 2642 974 2678 brevi
1007 2642 1120 2689 hujus
1154 2642 1414 2689 descriptione
1448 2646 1483 2677 et
1514 2642 1623 2677 icone
1656 2653 1788 2688 parum

393 2720 703 2756 characteristico
746 2720 957 2767 dijudicare
990 2732 1165 2769 nequeo,
1205 2733 1250 2756 an
1292 2721 1420 2757 forsan
1463 2721 1596 2756 eadem
1638 2720 1790 2766 species

393 2798 443 2833 sit
475 2798 664 2835 habenda.
