1919 3199
1002 116 1084 154 144

291 249 499 296 Hispidella
530 250 725 295 hispanica
757 248 926 288 Barnad.
973 249 1145 297 (Bolosia
1189 249 1458 295 piloselloides
1491 250 1598 288 herb.
1630 250 1810 298 Pourr.!)

399 327 492 373 Lge.
525 338 607 362 cxs.
640 327 708 364 Nr.
739 326 835 364 273.

401 405 629 440 Villafranca
664 405 725 440 del
758 405 911 454 Vierzo,
944 405 1085 440 Puerto
1119 406 1167 440 de
1198 405 1400 440 Manzanal
1431 404 1469 440 in
1503 405 1699 441 montibus
1731 406 1806 441 Le-

456 482 736 528 gionensibus3
768 483 968 519 Escorial!

290 560 399 596 Obs.
462 560 588 605 Stirps
607 559 789 608 insignis,
810 560 971 595 ssoribus
989 559 1166 606 Tolpidis
1185 560 1366 606 barbatae,
1386 560 1613 595 indumento
1636 561 1805 596 Hieracii

344 638 550 684 Pilosellae‚
583 637 799 686 periclinio,
833 638 1014 673 achaeniis
1035 643 1105 674 etc.
1139 638 1184 673 ab
1204 637 1384 672 omnibus
1413 637 1605 674 distincta.
1669 638 1803 684 Figura

344 714 486 759 optima
520 720 645 749 exstat
676 715 713 749 in
750 715 815 749 Lk.
851 720 886 750 et
936 715 1035 761 Hffg.
1071 716 1108 750 ss.
1145 716 1299 759 Portug.
1333 720 1357 750 t.
1390 714 1457 752 94.
1535 715 1672 763 Dubia,
1721 727 1808 762 quae

344 791 433 827 olim
474 792 588 826 movit
626 793 714 827 beat
761 792 841 828 DC.
889 793 1040 841 (prodr.
1073 794 1160 838 Vll,
1207 791 1318 841 258),
1364 804 1409 827 an
1453 793 1532 828 haec
1563 794 1689 838 planta
1718 794 1808 839 jure

343 869 442 904 inter
462 869 720 905 Cichoraceas
740 870 967 905 collocanda
1002 876 1123 919 essct,
1158 875 1259 905 certe
1293 882 1338 906 ex
1371 870 1641 906 observatione
1674 870 1806 916 speci-

344 947 488 981 minum
536 948 816 983 exsiccatorum
850 950 1028 994 maleque
1056 952 1388 996 conservatorum,
1428 953 1509 983 orta
1543 952 1645 985 sunt.
1708 947 1807 983 Om-

345 1035 415 1058 nes
450 1025 548 1059 enim
584 1026 699 1060 ssores
735 1025 900 1071 ligulatae
934 1031 970 1061 et
1002 1026 1149 1061 fertiles
1183 1031 1287 1075 sunt⁷
1322 1037 1393 1061 nec
1426 1037 1499 1061 non
1526 1027 1642 1061 herba
1662 1027 1807 1061 lactes-

344 1113 453 1150 cens⁷
486 1102 654 1148 ideoque
686 1114 774 1138 vera
809 1103 1063 1140 Cichoracea!

291 1181 504 1228 Hedypnois
537 1184 668 1216 cretica
700 1180 831 1217 Willd.
872 1181 981 1228 (Lge.
1016 1193 1097 1216 exs.
1131 1182 1197 1216 Nr.
1229 1180 1343 1229 275).

401 1259 441 1292 ln
464 1257 630 1292 Gallccia
664 1258 751 1293 hinc
782 1259 872 1293 inde
907 1260 1073 1308 (Cobas7
1107 1260 1220 1308 Vigo⁷
1242 1260 1394 1305 Lugo);
1429 1259 1577 1308 Bailcn,
1606 1259 1804 1308 Cordoba,

458 1334 596 1379 Cadiz;
629 1336 793 1374 Murcia!

293 1413 340 1447 H.
372 1414 531 1458 pendula
563 1413 642 1448 DC.
677 1413 741 1461 (cf.
779 1415 867 1459 Lge.
901 1414 981 1449 ind.
1017 1426 1113 1450 sem.
1147 1415 1250 1449 hafn.
1286 1413 1392 1453 1853
1425 1426 1462 1460 p.
1497 1413 1581 1462 18).

403 1489 507 1525 Cabo
542 1490 588 1524 dc
624 1491 739 1528 Gata!

291 1568 470 1612 Hyoseris
503 1570 635 1605 scabra
670 1570 708 1607 L.

405 1646 445 1679 ln
479 1645 582 1690 agris
616 1651 651 1680 et
683 1647 730 1682 ad
765 1647 844 1683 vias
879 1659 999 1694 prope
1034 1648 1172 1684 Sevilla
1204 1645 1247 1696 (5
1281 1648 1393 1683 Mart.
1427 1659 1459 1683 c.
1493 1644 1572 1698 ss.)!

292 1724 525 1759 Catananche.
557 1726 721 1760 coerulea
753 1725 794 1760 L.

404 1801 445 1835 ln
479 1801 644 1837 collibus
677 1802 863 1838 calcareis
897 1803 943 1838 ad
977 1803 1210 1840 Encinillas!

292 1879 330 1915 C.
364 1878 460 1915 lutea
492 1880 534 1916 L.

407 1956 529 1992 Xerez
563 1958 610 1992 de
644 1958 676 1992 13
712 1958 894 1993 Frontem
928 1955 1184 2003 (Schousb.)!

293 2035 500 2071 Cichorium
532 2036 685 2080 Intybus
720 2036 758 2070 L.
794 2035 924 2081 (Hisp.
959 2032 1204 2084 Achieorea).

405 2112 554 2161 Bilbao,
589 2113 765 2158 Burgos3
798 2114 1004 2162 Aranjuez⁷
1037 2115 1070 2149 la
1103 2114 1294 2159 Mancha;
1327 2113 1493 2151 Murcia!

292 2217 311 2238 „
343 2190 383 2239 β,
417 2193 662 2226 divaricatum
705 2190 767 2234 (C.
802 2191 1048 2227 divaricatum
1082 2189 1310 2238 Schousb),
1344 2191 1497 2226 habitus
1530 2191 1566 2225 in
1600 2195 1702 2226 statu
1735 2190 1808 2226 si}—

405 2268 520 2303 vestri
554 2268 779 2317 singularis7
815 2269 885 2304 sed
919 2269 1068 2305 cultura
1099 2271 1137 2305 in
1169 2270 1330 2305 formam
1362 2268 1556 2314 vulgarem
1590 2269 1742 2306 transit.

406 2346 447 2380 ln
482 2346 646 2382 collibus
679 2346 865 2382 calcareis
898 2347 944 2381 ad
978 2347 1191 2383 Encinittas
1232 2351 1268 2382 et
1300 2346 1537 2384 Valtadolid!

296 2425 422 2470 Tolpis
453 2426 612 2460 barbata
643 2424 729 2468 (L.)
765 2424 896 2460 Gartn.
931 2425 1040 2470 (Lge.
1075 2435 1157 2460 exs.
1190 2425 1257 2461 Nr.
1288 2422 1404 2475 276).

407 2502 448 2535 ln
482 2501 581 2536 arvis
616 2506 651 2536 et
684 2502 848 2537 collibus
883 2502 1062 2537 Galleciae
1094 2502 1296 2548 frequens!
1330 2503 1392 2546 (ln
1426 2501 1616 2547 Hispania
1648 2501 1807 2537 centrali

463 2583 498 2613 et
517 2578 774 2628 meridionali,
809 2579 872 2614 ubi
891 2591 1064 2625 sequens
1082 2580 1305 2626 frequenter
1322 2579 1500 2628 occurrit⁷
1521 2580 1618 2614 banc
1635 2578 1806 2624 speciem
1838 2566 1844 2577 ’

465 2667 661 2701 nunquam
694 2657 784 2705 vidi,
819 2668 937 2703 quare
970 2657 1165 2704 suspicor,
1199 2657 1269 2692 cel.
1305 2657 1496 2692 Colmeiro
1529 2657 1706 2702 aliosque
1736 2667 1808 2691 au·-

464 2737 570 2768 tores
603 2734 650 2769 de
683 2734 825 2779 plantis
845 2734 1055 2780 hispanicis
1082 2738 1305 2784 tractantes,
1339 2746 1446 2780 aeque
1465 2745 1507 2769 ac
1526 2734 1610 2771 cell.
1632 2734 1751 2770 Godr.
1771 2738 1809 2768 et

466 2810 581 2848 Gren.
594 2813 666 2858 (Fi.
682 2812 778 2861 Ρη),
793 2812 862 2847 has
876 2813 973 2847 duas
986 2812 1084 2847 bene
1097 2811 1300 2847 distinctas
1313 2812 1465 2858 species
1477 2811 1807 2856 commutavisse).
