1919 3199
1007 153 1089 192 152

338 283 475 328 igneus
509 288 582 331 est,
616 295 701 332 nee,
735 288 776 319 ut
806 285 843 320 in
878 285 1140 331 descriptione
1174 286 1303 322 Boiss.
1338 288 1375 326 et
1391 286 1502 320 Reut.
1538 285 1560 321 1.
1580 297 1611 322 c.
1645 285 1798 334 dicitur,

339 361 480 406 pallide
513 361 731 409 rufescens⁷
781 364 852 398 sed
893 363 1052 398 sordide
1095 369 1130 398 et
1170 364 1312 409 pallide
1353 363 1799 399 stramineo-olivaceus.

341 440 380 474 T.
413 443 611 475 serotinum
644 439 767 489 Sadl.⁷
801 441 930 486 planta
962 441 1127 487 Europae
1159 441 1373 490 orientalis,
1422 441 1636 476 secundum
1669 441 1800 497 speci-

339 516 440 550 mina
473 517 592 551 Herb.
626 517 729 553 Mus.
776 518 896 555 Paris.
931 523 968 553 et
999 519 1130 568 Ham,
1164 523 1381 565 comparata
1415 530 1500 554 cum
1533 519 1597 564 fig.
1632 519 1798 554 Waldst.

338 598 373 628 et
405 592 481 627 Kit.
516 593 568 639 pl.
602 605 676 631 rar.
711 595 840 641 Hung.
875 597 951 633 tab.
987 596 1081 645 114,
1114 597 1171 632 vix
1205 608 1289 632 cum
1324 598 1452 643 planta
1471 596 1670 642 hispanica
1702 607 1800 633 con-

333 670 443 716 jungi
476 671 606 720 debet,
649 683 668 707 a
703 683 776 718 qua
810 685 843 708 v.
878 684 913 718 g.
948 673 1076 709 differt
1107 674 1208 710 foliis
1244 675 1370 711 minus
1405 673 1570 722 scabris,
1618 674 1799 709 achaeniis

337 752 463 784 rostro
511 749 752 794 longioribus
801 762 870 786 nec
917 752 1054 787 eodem
1103 753 1300 798 subduplo
1348 751 1613 801 brevioribus,
1670 762 1798 798 pappo

335 825 464 861 albido
498 830 568 861 etc.

278 904 540 940 AEtheorrhiza
571 907 725 941 bulbosa
757 906 833 951 (L.)
867 906 980 942 Cass.
1015 907 1123 953 (Lge.
1158 918 1240 943 exs.
1274 908 1340 942 Nr.
1373 906 1489 951 288)-

393 981 634 1028 Santander3
669 983 815 1032 Cobas‚
850 984 1040 1033 Doniflos⁷
1076 986 1108 1020 la
1143 985 1317 1030 CoruTffl3
1353 984 1548 1034 Corduba,
1582 984 1708 1021 Sierra
1728 985 1798 1020 ΕΙ-

445 1059 538 1108 vira,
573 1061 757 1099 Almeria!

280 1136 404 1184 Crepis
430 1139 590 1184 pulchra
622 1139 663 1173 L.

394 1214 559 1251 Olmedo
593 1216 771 1260 (Casteli.
819 1220 938 1262 vet.);
984 1218 1020 1252 in
1070 1218 1165 1253 locis
1198 1217 1396 1254 umbrosis
1445 1218 1492 1253 ad
1524 1217 1714 1264 Aranjuez
1762 1222 1798 1252 et

450 1286 735 1340 Cienpozue'los
770 1296 807 1332 ss.
841 1294 1004 1332 Matrit.!

279 1371 319 1407 C.
351 1371 536 1417 paludosa
569 1371 646 1420 (L.)
678 1373 860 1408 Moench.

390 1449 507 1484 Nuria
540 1447 728 1498 (Pourr.)!

278 1527 317 1565 G.
349 1526 620 1573 lampsanoides
653 1527 798 1572 (Gon.)
833 1529 955 1564 Froel.

389 1604 620 1640 Villafranca
655 1606 716 1641 del
751 1606 886 1642 Vierzo
921 1610 957 1641 et
989 1607 1045 1642 las
1064 1607 1242 1643 Medolas
1276 1607 1311 1642 in
1346 1604 1578 1644 castanetis!
1620 1607 1658 1643 S.
1677 1606 1795 1641 Pablo

447 1683 494 1718 de
526 1684 680 1719 Montes
715 1685 906 1730 (Pourr.)!

278 1762 315 1798 C.
348 1759 602 1798 blattarioides
634 1761 715 1809 (L.)
750 1762 838 1798 Vill.

391 1838 508 1874 Ribas
542 1838 740 1886 (Pourr.)!

276 1917 315 1953 C.
347 1919 466 1953 virens
501 1917 589 1951 Vili.
623 1917 732 1964 (Lge.
768 1928 849 1952 exs.
886 1917 952 1953 Nr.
986 1916 1109 1966 289);
1145 1918 1186 1954 C.
1222 1929 1417 1953 murorum
1453 1918 1587 1952 Pourr.
1623 1916 1751 1953 herb.!

388 1994 538 2042 Biffiao,
571 1994 802 2043 Encinillas⁷
837 1995 1011 2040 Burgosg
1047 1997 1079 2030 la
1102 1996 1270 2043 Corufia,
1307 1997 1433 2042 Lugo3
1469 1995 1699 2030 Villafranca
1733 1994 1794 2029 del

444 2073 581 2107 Vierzo
638 2077 674 2108 et
725 2072 813 2108 alibi
865 2072 901 2107 in
960 2073 1156 2109 montibus
1207 2074 1539 2120 Legionensibus3
1603 2073 1795 2118 Aranjuez

444 2147 634 2197 (Pourr.)!
683 2151 715 2185 la
753 2149 953 2190 Carolina!

273 2253 294 2274 ᾖ
325 2228 365 2276 β7
400 2228 591 2275 capularis
623 2225 705 2277 (L.)
740 2229 796 2263 Fr.
831 2228 890 2271 (C.
926 2228 1179 2274 polymorpha
1214 2242 1253 2276 y,
1288 2227 1428 2263 diffusa
1463 2228 1630 2273 Wallr.)

386 2306 621 2343 Santander!
671 2306 730 2348 (1η
765 2306 955 2352 Pyrenaeis
992 2306 1148 2342 Gallicis
1182 2307 1228 2340 ad
1265 2304 1462 2351 Bagnbres
1496 2306 1544 2341 de
1568 2305 1724 2340 Luchon
1757 2308 1794 2340 et

448 2380 644 2429 Bigorre)!

273 2461 313 2496 C.
347 2461 615 2508 taraxacifolia
645 2461 786 2496 Thuili.
823 2460 883 2505 [C.
921 2461 1175 2507 polymorpha
1200 2461 1333 2495 Pourr.
1368 2457 1503 2497 herb.!
1554 2459 1794 2495 Barkhausia

388 2539 647 2574 taraxacifolia
681 2539 777 2588 DQ,
813 2539 906 2584 Lge.
940 2549 1022 2574 exs.
1062 2539 1128 2573 Nr.
1161 2537 1275 2586 290).

388 2617 429 2650 1η
465 2616 651 2662 Hispania
685 2616 844 2651 centraii
879 2621 915 2651 et
946 2616 1188 2651 meridionali
1221 2612 1427 2661 frequens!

275 2720 296 2743 ἦ
327 2695 367 2742 ,8,
399 2696 590 2739 intybacea
623 2695 732 2740 Duby
765 2694 922 2740 [Crepis
955 2694 1152 2739 intybacea
1186 2692 1325 2740 Brot.).

389 2772 430 2806 In
464 2772 684 2807 ambulacro
716 2772 798 2819 „las
833 2770 1018 2806 deiicias“
1052 2771 1152 2806 dicio
1186 2782 1244 2817 pr.
1269 2770 1406 2806 Sevilla
1439 2769 1511 2819 (29
1533 2770 1642 2805 Febr.
1662 2780 1694 2804 c.
1715 2765 1797 2817 ss.)!
