1919 3199
958 139 1042 190 384

722 273 875 306 Petalum
902 272 1071 312 superius.

778 347 822 353 -
894 326 1145 359 intermedium.

723 386 874 418 Stamen.

723 441 871 482 Capsula
895 443 1038 471 matura.

725 499 859 531 Semen.

686 558 878 595 strocarpus
899 551 1130 594 suffraticosus
1154 550 1243 590 Lge.‚
1268 558 1381 589 magn.
1410 551 1475 580 nat.

730 611 898 642 Racemus
925 608 1089 645 fructifer,
1115 616 1159 639 m.
1187 615 1220 638 n.

727 666 844 697 Tubus
874 667 1062 697 stamineus
1089 672 1168 695 cum
1194 662 1411 702 genitalibus.

728 722 880 754 Petalum
897 722 1066 762 superius,
1081 720 1102 751 l.
1118 719 1369 756 intermedium,
1385 726 1429 749 m.
1446 717 1600 749 inferius.

732 779 880 811 Stamen.

729 835 872 867 Fructus
897 842 976 865 cum
1003 833 1097 864 diseo
1128 835 1161 864 et
1184 832 1296 873 calyce
1319 832 1534 872 persistente.

729 891 878 932 Capsula
902 892 1044 921 matura.

729 948 863 979 Semen.

686 1002 870 1045 aronyclzia
894 1000 1148 1043 hrevistipulata
1172 1000 1261 1040 Lge,
1289 1000 1402 1041 planta
1427 1008 1539 1040 magn.
1568 1001 1634 1030 nat.

729 1060 857 1092 Ramus
883 1060 1027 1099 floriger,
1054 1058 1150 1097 cyma
1174 1058 1388 1089 terminatus.

731 1116 859 1148 Ramus
886 1115 1022 1151 sterilis,
1051 1122 1163 1153 magn.
1191 1117 1279 1145 auct.

735 1173 826 1204 Folia
852 1173 1006 1212 opposita
1031 1180 1109 1202 cun]
1137 1169 1284 1211 stipulis.

735 1229 825 1269 Apex
850 1229 947 1259 rami.

736 1285 836 1325 Calyx
861 1284 1011 1315 clausus.

736 1341 811 1373 Flos
838 1350 1007 1382 expansus
1034 1349 1113 1372 cum
1139 1338 1357 1379 genitalibus.

655 1407 682 1439 y.
731 1398 869 1429 Lacinia
893 1398 1043 1438 calyeina
1069 1397 1187 1435 (magis
1213 1399 1330 1429 aucta).

642 286 683 586 tk‘P-*PPP

449 559 529 597 rig.
565 557 594 587 2.

452 1007 531 1046 Fig.
568 1007 598 1037 3.

646 611 686 1374 *sersnffbsevsvsse-rflv

695 1732 911 1772 Addenda
948 1737 994 1771 et
1030 1728 1330 1780 corrigenda.

867 1845 1096 1891 Pugillus
1138 1845 1166 1879 1.

262 1928 337 1967 Pag.
369 1927 417 1965 13,
442 1928 518 1966 post
543 1925 602 1956 lin.
630 1925 661 1961 8,
686 1923 842 1954 addatur:

526 1980 698 2012 Astomum
722 1978 913 2011 subulatum
938 1978 1097 2018 Hamp.”).

529 2037 564 2069 In
592 2037 721 2076 campis
747 2036 787 2066 ad
813 2035 978 2073 cordoba,
1004 2034 1097 2065 Mart.
1124 2043 1150 2065 c.
1179 2033 1232 2065 sr.:

276 2112 314 2116 —
382 2108 392 2121 u
445 2096 523 2134 post
546 2093 604 2124 lin.
635 2093 673 2123 13
699 2091 855 2123 addatur:

530 2147 732 2180 Disticln'um
755 2146 953 2178 inclinatum
984 2146 1104 2184 (Dieks)
1142 2146 1193 2178 ΒΓ.
1227 2145 1256 2177 ἂ
1289 2145 1366 2177 sch.
1405 2146 1450 2184 (D.
1478 2144 1701 2185 capillaceum
1738 2143 1774 2174 C.

465 2205 554 2236 Miill.
582 2204 650 2235 Bot.
679 2204 760 2234 Zeit.
789 2202 888 2240 1854,
912 2211 942 2242 p.
973 2203 1058 2241 313).

529 2261 607 2292 Port
634 2260 713 2291 d'Oo
741 2260 854 2299 Pyren.
881 2262 998 2297 centn,
1026 2259 1066 2290 ad
1093 2260 1187 2290 nives
1213 2265 1380 2298 perennes
1407 2257 1525 2296 (ster.)!

279 2335 317 2340 —-
371 2317 420 2355 111,
447 2320 524 2358 post
543 2317 589 2348 lin
631 2317 668 2347 27
696 2316 854 2347 addatur:

531 2372 663 2414 Bryum
688 2369 866 2413 (Webera)
892 2369 1077 2413 Ludwiyz'i)
1099 2372 1239 2411 Spreng.
1276 2380 1279 2383 ’

534 2429 611 2460 Port
634 2428 714 2460 d'Oo
740 2429 774 2458 in
799 2429 935 2466 regione
962 2427 1064 2459 nivali
1089 2427 1204 2467 Pyren.
1230 2425 1444 2463 centralium,
1474 2425 1512 2456 13
1537 2424 1638 2464 Aug!

279 2502 317 2507 —
386 2498 397 2511 ι»
448 2488 525 2525 post
549 2485 607 2516 lin.
637 2485 677 2515 30
703 2484 859 2515 addatur:

534 2539 678 2573 Blindia
701 2539 852 2572 cirrlzata
877 2540 1010 2579 (Hedw.)
1042 2539 1077 2570 C.
1105 2539 1195 2570 Miill.

534 2597 571 2628 ln
597 2597 740 2638 rupibus
766 2597 944 2628 schistosis
969 2595 1010 2626 ad
1036 2595 1129 2635 Lugo
1155 2595 1322 2633 Galleciae,
1350 2595 1389 2626 28
1415 2594 1480 2626 Jul.
1507 2602 1535 2625 e.
1560 2592 1618 2625 fr.!

308 2727 336 2763 ῃ)
363 2737 539 2762 correctiones
564 2737 593 2761 ad
613 2736 732 2762 familiam
754 2738 895 2761 Blascorum
914 2736 1020 2762 maxima
1045 2743 1075 2760 ex
1093 2739 1161 2766 parte
1179 2736 1398 2761 observationibus
1418 2736 1513 2760 eclebb.
1534 2742 1546 2758 a
1567 2734 1590 2759 S.
1606 2734 1636 2758 0.
1657 2732 1779 2764 Lindberg

362 2786 386 2806 et
414 2783 437 2807 J.
473 2783 499 2807 E.
527 2781 671 2807 Zenerstedt
703 2789 799 2806 mecum
826 2782 947 2806 benevole
979 2781 1171 2805 communicaris
1196 2781 1281 2806 debeo.
1330 2781 1432 2812 Species
1457 2779 1594 2805 nonnullas
1626 2784 1779 2807 museorurn,

361 2827 384 2850 in
405 2827 594 2851 enumeratione
618 2831 700 2851 nostra
725 2828 844 2858 omissas,
869 2835 898 2851 ex
922 2829 1059 2856 conspectu
1085 2826 1134 2851 cel.
1160 2827 1188 2851 C.
1214 2827 1323 2857 muneri,
1345 2827 1370 2851 in
1399 2825 1478 2850 diario
1504 2824 1655 2850 Boranische
1673 2823 1780 2852 zeirung

360 2870 425 2896 1854
442 2871 581 2903 publicato,
605 2872 646 2896 hie
664 2872 767 2903 recipio,
