1919 3199
827 102 904 140 111

103 238 265 273 Cirsium
294 236 460 285 palustre
491 234 571 285 (L.)
605 236 720 280 Scop.

218 314 259 348 In
296 313 498 348 Cantabria
532 317 566 348 et
602 313 769 348 Gallecia
804 312 890 346 binc
921 311 1034 356 inde3
1099 311 1329 346 villafranca
1364 312 1424 346 del
1464 309 1617 350 Vierzo!

102 393 136 428 C
177 393 383 437 slavispina·
411 391 540 426 Boiss.
573 391 613 441 β,
648 390 882 426 castellanum
914 389 979 432 (C.
1013 389 1267 424 castellanum
1296 388 1423 423 Willk.
1459 400 1548 434 pug.
1583 401 1618 434 p.

221 468 320 513 1093
356 468 397 504 C.
432 469 687 513 paniculatum
724 467 818 501 vahl
853 477 967 501 mser.
1001 466 1037 500 in
1073 465 1222 511 herb.)!

218 546 276 580 Ad
310 546 460 590 Burgos
493 551 528 580 et
559 545 713 581 Medina
751 544 811 578 del
845 543 1009 579 Rioseco
1043 543 1225 590 (Castell.
1259 542 1369 588 vet.)!
1432 543 1618 588 Aragonia

274 622 428 671 (Vahl)!

101 701 225 737 obs.
290 700 450 745 Species
483 711 503 734 a
536 701 604 736 cel.
638 699 860 734 Willkomm
902 699 925 733 l.
960 710 990 735 c.
1025 698 1220 744 descripta
1254 703 1291 733 et
1323 698 1502 734 distincta
1536 709 1619 733 meo

164 789 283 813 sensu
317 778 418 813 notis
452 790 521 813 nec
560 782 635 812 tam
678 777 857 822 gravibus
899 788 1024 822 neque
1062 776 1331 811 constantibus
1366 775 1493 810 differt
1524 787 1543 810 a
1578 775 1618 810 C.

164 856 363 902 flavispina
396 855 544 904 Boiss.,
578 860 617 890 ul
649 856 694 889 ab
738 855 809 889 hoc
856 854 1027 899 separari
1061 854 1189 889 debet.
1252 854 1470 899 Speeimina
1504 853 1618 900 enim,

164 945 248 980 quae
280 935 327 968 ad
348 928 498 978 Burgos
532 933 622 979 legi,
656 931 811 967 omnino
843 932 1070 966 intermedia
1105 936 1196 967 sunt
1226 932 1326 966 inter
1357 937 1484 977 typum
1503 930 1620 966 Bois—-

162 1011 372 1046 sierianum
421 1015 457 1045 et
505 1011 673 1056 plantam
706 1021 764 1055 pr.
799 1009 963 1044 Rioseco
1011 1011 1170 1054 lectam3
1218 1021 1237 1044 a
1271 1008 1478 1055 posteriori
1518 1008 1619 1043 foliis

165 1089 287 1134 magis
331 1088 644 1136 decurrentibus,
691 1087 867 1122 calathiis
908 1087 1123 1123 minoribus
1166 1093 1202 1122 et
1238 1086 1552 1135 angustioribus,
1601 1097 1619 1120 a

163 1166 291 1212 planta
332 1165 552 1201 Nevadensi
590 1165 649 1199 vix
689 1165 763 1200 nisi
803 1165 928 1210 spinis
969 1165 1098 1210 paullo
1138 1164 1379 1210 longioribus
1419 1164 1618 1199 recedunt.

165 1243 352 1289 Suspicor
381 1243 510 1289 igitur,
559 1243 628 1277 bas
669 1247 781 1278 notas
823 1254 913 1278 esse
952 1243 1172 1291 variabiles,
1219 1242 1403 1287 idemque
1441 1242 1541 1276 valet
1573 1242 1620 1276 de

162 1321 385 1369 filamentis,
420 1331 503 1366 quae
534 1320 571 1354 in
605 1321 733 1366 planta
769 1320 1030 1356 Boissieriana
1072 1325 1108 1355 et
1138 1321 1174 1355 in
1210 1325 1342 1355 nostra
1374 1320 1421 1354 ad
1455 1319 1619 1354 Rioseco

164 1399 259 1434 lecta
301 1398 693 1446 papilloso-scabra,
742 1398 776 1432 in
819 1398 1032 1443 specimine
1072 1399 1119 1433 ad
1159 1398 1312 1443 Burgos
1354 1397 1450 1432 lecto
1491 1398 1618 1441 glabra

162 1481 265 1512 sunt.
326 1476 504 1515 Achaenia
539 1487 694 1521 quoque
726 1476 904 1510 videntur
937 1476 1092 1525 similia,
1126 1476 1196 1511 sed
1230 1476 1266 1510 in
1294 1475 1475 1511 omnibus
1508 1486 1528 1510 a
1562 1485 1619 1509 me

161 1554 269 1589 lectis
303 1553 580 1599 speciminibus
614 1553 758 1589 sterilia
793 1559 896 1589 sunt.

99 1634 145 1668 10.
177 1632 517 1678 monspessulanum
548 1633 622 1668 All.
661 1631 792 1677 (Hisp.
826 1631 970 1666 Pincho
1003 1632 1200 1675 burrero).

217 1710 259 1744 In
293 1710 459 1747 collibus
491 1709 697 1746 calcareis:
730 1709 961 1756 Encinillas,
996 1706 1237 1746 Valladolid!

100 1814 126 1834 .„
160 1788 200 1838 β,
231 1788 338 1835 ferox
370 1788 484 1823 Coss.
519 1793 598 1822 not.
631 1799 668 1833 p.
701 1786 754 1824 39
787 1787 848 1830 (C.
882 1797 1204 1832 monspess.var.
1224 1786 1468 1832 hispanicum
1491 1785 1617 1821 Willk.

218 1876 307 1910 pug.
342 1876 378 1910 p.
415 1866 527 1910 112).

107 1942 221 1978 Obs.
282 1943 373 1977 Haec
405 1943 569 1978 varietas
602 1954 620 1977 a
655 1943 1048 1988 C.monspessulano
1080 1942 1205 1988 typico
1239 1942 1357 1977 multo
1390 1941 1512 1986 magis
1546 1941 1621 1976 dif-

164 2020 261 2055 ferre
294 2020 441 2056 videtur
474 2032 588 2067 quam
620 2021 726 2066 prior
757 2032 775 2055 a
812 2020 852 2056 C.
887 2020 1100 2065 ssavispina.
1129 2005 1133 2009 ²
1178 2020 1322 2055 Saltem
1356 2019 1567 2064 specimina
1601 2030 1619 2052 a

164 2110 223 2133 me
256 2098 350 2133 lecta
383 2099 493 2133 valde
524 2099 688 2144 insignia
728 2098 828 2133 foliis
862 2097 1208 2144 amplexicaulibus
1256 2100 1345 2143 (nec
1378 2096 1620 2133 decurrenti-

165 2176 271 2223 bus),
305 2175 732 2211 subsinuato—dentatis
766 2181 803 2211 et
833 2177 880 2210 ad
912 2177 1050 2210 dentes
1085 2159 1211 2220 spinis
1241 2175 1377 2210 validis
1411 2174 1511 2219 (5-S
1530 2185 1619 2208 mm.

165 2252 311 2300 longis)
344 2253 515 2302 armatis,
549 2258 717 2289 ceterum
749 2254 807 2288 vix
839 2265 872 2289 v.
906 2253 1135 2288 brevissime
1167 2253 1303 2288 ciliatis
1337 2256 1424 2296 (nec
1449 2251 1620 2296 undique

165 2332 364 2377 aequaliter
382 2331 610 2366 tenuissime
630 2331 1034 2379 spinuloso-eiliatis),
1069 2330 1269 2375 periclinio
1291 2329 1452 2378 minore,
1486 2334 1619 2364 ovato-

164 2410 423 2457 subgloboso,
457 2408 599 2444 foliolis
632 2409 767 2457 ovatis,
801 2409 898 2443 callo
932 2409 1027 2443 ovali
1059 2413 1140 2443 atro
1181 2407 1396 2442 terminatis
1431 2407 1621 2452 spinaque

163 2486 391 2522 brevissima
410 2486 645 2521 mucronatis
679 2488 768 2533 (nec
800 2486 1041 2532 lanceolam,
1074 2485 1172 2520 callo
1205 2485 1339 2519 lineari
1370 2484 1621 2527 terminatis).

166 2563 383 2609 Specimina
421 2575 505 2598 mea
544 2568 713 2599 ceterum
752 2564 862 2599 valde
900 2563 1122 2608 imperfecta
1163 2567 1277 2611 sunt,
1325 2573 1443 2608 quare
1477 2560 1622 2606 dijudi-

165 2652 252 2676 care
300 2652 374 2676 non
423 2652 607 2689 possum,
661 2652 706 2675 an
755 2640 978 2676 differentiae
1025 2651 1143 2685 supra
1199 2644 1336 2674 notatae
1383 2639 1477 2673 satis
1526 2649 1621 2673 con-

165 2723 319 2754 stantes
353 2718 431 2753 sini.
462 2723 498 2753 et
528 2730 575 2753 an
609 2719 727 2753 forma
761 2718 926 2763 insignis
961 2717 1142 2764 specifice
1176 2716 1350 2762 separari
1382 2717 1537 2751 debeat.
