1919 3199
863 150 945 188 373

264 284 445 320 dentibus
478 283 566 329 pilis
609 283 734 329 longis
776 282 894 328 nigris
935 283 1055 318 dense
1096 282 1243 318 vestitis
1290 281 1457 327 ideoque
1497 280 1653 317 omnino

262 362 398 411 nigris,
445 363 588 398 corolla
637 362 797 410 minore7
846 360 986 407 pallide
1033 366 1068 395 et
1113 359 1270 395 sordide
1317 359 1466 395 lilacina
1512 358 1653 402 (rarius

263 440 489 476 ochroleuca
523 452 555 475 v.
590 440 707 475 dilute
741 439 892 488 rosea),
926 438 1060 474 vexillo
1093 437 1266 473 breviore
1301 442 1336 473 et
1370 437 1518 483 latiore,
1544 437 1654 481 legu-

264 518 363 554 mine
395 518 567 554 breviore
601 522 637 554 et
668 517 823 564 latiore,
864 515 985 562 magis
1017 515 1163 564 inflato,
1198 515 1316 550 latere
1347 514 1550 562 inferiore,
1583 514 1655 549 im-

264 596 395 642 primis
430 597 502 632 sub
535 596 657 645 apice,
698 595 811 631 latius
851 594 1128 639 canaliculato;
1169 593 1383 629 seminibus
1425 591 1652 627 minoribus.

263 675 450 711 Posterior
495 686 584 709 vero
633 673 756 709 differt
804 672 1033 719 pedunculis
1079 671 1328 720 atrovillosis,
1375 669 1515 717 calycis
1562 670 1653 705 tubo

262 751 348 797 pilis
382 751 501 797 nigris
535 752 675 798 patulis
708 751 862 799 vestito,
896 750 1078 786 dentibus
1110 749 1417 797 angustioribus,
1446 749 1536 784 tubo
1563 748 1654 784 bre-

261 829 450 875 vioribus3
484 830 649 877 capitulo
682 830 839 878 majore,
866 829 1049 878 oblongo,
1076 828 1210 864 vexillo
1234 829 1352 864 multo
1374 826 1521 876 latiore,
1542 825 1654 872 ellip-

263 907 349 957 lico,
384 908 613 954 profundius
643 908 893 954 emarginato⁷
920 906 990 942 alis
1017 906 1182 942 carinam
1207 906 1334 952 paullo
1361 905 1652 954 superantibus,

262 986 454 1032 legumine
487 987 644 1036 majore,
679 985 932 1032 nigropiloso,
959 984 1042 1020 basi
1068 985 1225 1020 cordato
1254 988 1290 1020 et
1315 987 1446 1019 sutura
1475 983 1653 1018 inferiore

261 1065 335 1099 late
382 1064 645 1100 canaliculato.
723 1065 779 1100 Ex
833 1064 939 1099 hisce
985 1063 1270 1099 characteribus
1318 1066 1475 1108 totoque
1522 1061 1653 1098 habitu

261 1143 384 1177 locum
419 1143 584 1178 medium
616 1142 715 1178 inter
747 1143 816 1178 has
850 1141 1002 1188 species
1036 1146 1165 1176 tenere
1204 1141 1368 1189 videtur7
1411 1151 1535 1186 neque
1568 1151 1652 1176 cum

259 1231 347 1270 una,
382 1231 506 1266 neque
538 1231 621 1255 cum
655 1221 771 1256 altera
803 1220 1086 1266 conjungenda.

176 1299 289 1335 Obs.
321 1298 360 1336 2.
422 1300 462 1335 A.
496 1299 723 1346 hypoylottis
755 1300 813 1347 L.⁷
848 1298 911 1344 qui
954 1309 972 1332 a
1005 1298 1159 1333 Linnaeo
1207 1297 1434 1344 Hispaniam
1483 1297 1653 1333 habitare

258 1381 293 1412 et
325 1376 486 1412 maxime
513 1379 556 1412 A.
592 1376 860 1422 pentaglottidi
894 1376 1045 1412 affinem
1080 1387 1169 1412 esse
1203 1376 1354 1421 dicitur,
1389 1387 1407 1410 a
1441 1376 1654 1412 Candolleo

258 1459 293 1490 et
327 1454 413 1489 dein
449 1466 464 1489 a
499 1455 697 1501 plerisque
730 1455 928 1491 autoribus
963 1454 1164 1490 recentiori
1199 1458 1370 1500 tempore
1398 1454 1443 1491 ad
1471 1456 1511 1491 A.
1545 1458 1654 1492 dani-

257 1545 334 1569 cum
365 1533 468 1568 Retz.
503 1533 718 1568 adducitur.
781 1534 890 1569 Hanc
921 1538 1046 1569 autem
1080 1532 1388 1579 suppositionem
1423 1544 1512 1569 esse
1546 1545 1655 1569 erro-

259 1623 392 1660 neam⁷
421 1612 497 1657 jam
531 1611 566 1646 in
601 1612 696 1647 libro
729 1612 971 1660 „Haandbog
1003 1612 1012 1646 i
1046 1612 1120 1647 den
1154 1611 1301 1647 danske
1337 1611 1482 1661 Flora“‚
1514 1612 1573 1648 ed.
1601 1612 1653 1661 ΙΙ,

258 1702 293 1736 ρ,
328 1687 410 1727 470
441 1690 615 1736 exposui.
678 1690 770 1725 Tota
805 1690 903 1725 enim
938 1689 1147 1736 descriptio
1184 1690 1384 1725 Linnaeana
1419 1692 1481 1736 (A.
1518 1696 1654 1736 penta-

257 1768 364 1813 glott.
399 1767 551 1816 similis,
585 1768 654 1803 sed
690 1768 810 1813 magis
843 1769 1069 1804 caulescens
1112 1789 1160 1795 —
1197 1769 1311 1804 flores
1342 1768 1482 1806 8-10
1519 1769 1555 1804 in
1589 1780 1653 1804 ea·

259 1846 377 1891 pitulo
410 1847 613 1882 rotundato
648 1858 752 1882 more
792 1847 950 1896 Trifolii,
993 1868 1038 1873 ——
1077 1847 1266 1893 legumina
1301 1847 1496 1896 replicata,
1530 1852 1652 1897 ovata⁷

257 1923 430 1959 acumine
478 1924 633 1973 duplici,
681 1925 883 1972 subulato,
932 1936 1089 1961 recurvo
1131 1929 1220 1970 etc.)
1262 1930 1340 1961 toto
1380 1926 1487 1962 coelo
1528 1927 1574 1961 ab
1607 1927 1650 1961 A.

256 2002 391 2038 danico
424 2003 603 2039 abhorret
635 2008 671 2039 et
704 2004 779 2039 haee
811 2003 940 2040 ultima
974 2004 1126 2050 species
1160 2009 1357 2051 praeterea,
1384 2004 1549 2050 Europae
1581 2005 1653 2039 bo-

257 2081 369 2116 realis
405 2085 439 2116 et
471 2081 667 2118 orientalis
700 2083 823 2118 incola
857 2083 920 2126 (ab
952 2082 1087 2128 Anglia
1122 2082 1167 2117 ad
1201 2087 1353 2118 montes
1387 2083 1651 2133 Baicalenses,

256 2170 274 2193 a
316 2158 445 2194 Svecia
485 2160 725 2196 meridionali
772 2161 818 2196 ad
863 2160 1106 2196 Germaniam
1152 2161 1359 2196 centralem
1407 2165 1444 2196 et
1490 2160 1650 2197 Galliam

256 2236 498 2285 orientalem)
532 2249 655 2284 neque
695 2239 730 2274 in
766 2238 885 2274 Gallia
925 2238 1168 2285 occidentali,
1211 2250 1336 2285 neque
1383 2239 1418 2274 in
1463 2239 1650 2286 Hispania

256 2327 431 2351 crescere
464 2314 671 2361 videtur*).
733 2319 788 2352 An
823 2329 909 2353 vero
943 2317 1096 2364 species
1138 2317 1338 2353 Linnaeana
1371 2317 1651 2354 recentioribus

257 2395 406 2440 cognita
462 2395 511 2430 sit
555 2399 591 2430 et
635 2395 765 2431 forsan
814 2395 886 2430 alio
933 2395 1085 2431 nomine
1134 2395 1343 2445 descripta7
1392 2395 1545 2431 difficile
1593 2399 1652 2432 est

256 2473 478 2519 dijudicare.
542 2473 755 2519 Descriptio
795 2474 839 2509 A.
881 2473 1156 2520 hypoglottidis
1197 2474 1462 2510 botanicorum
1503 2473 1649 2520 Hispa-

258 2550 425 2586 uicorum
460 2555 510 2596 (v.
551 2562 583 2588 c.
618 2551 781 2589 Cutand.
822 2552 854 2586 fl.
894 2552 1031 2590 matrit.
1081 2564 1116 2598 p.
1158 2551 1258 2597 239)
1306 2552 1467 2588 maxime
1513 2553 1559 2587 ad
1607 2555 1647 2588 A.

257 2629 406 2667 Glaucis
425 2629 581 2664 formam
600 2634 774 2675 spectare
792 2629 953 2665 videtur.
987 2632 1028 2666 A.
1048 2632 1275 2679 hypoylottz's
1296 2630 1465 2666 Broteroi
1491 2632 1554 2677 (ex
1575 2631 1646 2666 de-

257 2706 388 2753 script.
421 2712 594 2742 accurata
624 2711 660 2742 et
688 2708 807 2753 ligura
833 2719 949 2754 supra
974 2707 1103 2754 citata)
1131 2708 1214 2744 sine
1241 2709 1357 2744 dubio
1376 2709 1422 2744 ad
1443 2711 1484 2745 A.
1503 2721 1647 2755 ymna-

257 2790 385 2822 [ensem
403 2789 573 2820 nostram
599 2796 715 2831 supra
735 2786 967 2833 descriptam
985 2787 1212 2823 referendus
1232 2790 1306 2835 est,
1327 2787 1396 2822 etsi
1415 2787 1516 2823 beat.
1535 2791 1646 2823 autor

176 2915 198 2953 *)
229 2916 391 2947 Linnaeus
417 2920 516 2953 certe,
544 2917 662 2949 saltem
689 2918 777 2958 quod
805 2918 953 2958 plantam
978 2918 1145 2955 anglicam
1171 2920 1304 2956 attinet,
1337 2927 1396 2959 pro
1435 2921 1528 2959 parte
1559 2919 1647 2950 hanc

233 2980 313 3002 cum
337 2971 373 3001 A.
399 2975 551 3004 arenario
578 2983 640 3005 suo
667 2975 850 3014 conjunxit.
