1919 3199
823 155 905 196 369
928 149 936 156 ’

120 288 232 324 Lotus
264 290 468 325 decumbens
502 287 600 324 Poir.

230 365 287 400 Ad
323 366 448 401 littora
482 366 625 401 Oceani
658 377 777 412 prope
811 367 843 401 la
878 366 1050 417 Corufia,
1086 366 1137 404 10
1166 368 1264 412 Aug.
1297 377 1328 402 c.
1363 366 1400 401 ss.
1434 370 1471 401 et
1501 363 1568 404 sr.!

231 443 426 488 (Eandem
461 444 631 490 speciem
667 444 740 489 legi
772 444 808 500 in
843 444 962 480 Gallia
996 444 1154 480 australi
1184 445 1229 480 ad
1258 444 1366 481 Cette
1398 448 1434 479 et
1459 443 1624 489 Aigues-

288 524 463 566 mortes).

123 611 161 646 L.
196 613 489 648 conimbricensis
520 611 625 648 Brot.

233 688 274 723 In
309 689 403 724 locis
438 689 733 725 humidiusculis
766 690 812 725 ad
848 690 880 725 la
915 689 1108 739 Carolina,
1143 689 1195 729 10
1225 691 1315 737 Maj.
1355 701 1387 727 c.
1421 690 1457 725 ss.
1491 695 1528 726 et
1559 685 1625 727 fr.!

123 790 161 824 L.
195 791 476 836 anqustissimus
508 790 549 826 L.

233 868 273 902 In
307 867 476 903 humidis
509 869 555 903 ad
590 869 694 914 Lugo
729 868 927 915 Galleciae3
963 869 1056 904 Vilia
1091 870 1137 905 de
1171 870 1284 906 Palos
1317 865 1513 914 (Vierzo)!

125 969 163 1004 L.
196 969 364 1015 hispidus
392 968 498 1005 Desf.

232 1046 374 1083 Mahon
407 1044 602 1091 (Pourr.]!
636 1048 874 1094 Santander3
913 1048 949 1082 in
983 1046 1077 1083 locis
1121 1046 1290 1083 humidis
1333 1047 1509 1084 Galleciae
1548 1047 1629 1083 fre-

288 1122 432 1171 quens!

125 1227 163 1262 L.
196 1229 346 1263 creticus
377 1227 418 1262 L.
451 1226 491 1274 β,
523 1228 675 1262 varians
708 1224 816 1263 DQ?
850 1227 889 1261 L.
924 1230 1180 1262 commutatus
1215 1226 1332 1264 Guss.
1375 1227 1466 1273 Syn.
1500 1227 1551 1275 lI,
1593 1238 1629 1272 p.

233 1302 329 1352 357,
364 1304 403 1344 L,
438 1303 654 1339 Salzmanni
687 1304 815 1340 Boiss.
849 1300 884 1341 St.
915 1303 1057 1341 Reut.?

236 1382 373 1417 Puerto
408 1382 453 1417 de
488 1381 543 1418 Sta
580 1382 715 1432 Maria,
751 1382 802 1422 18
834 1384 943 1418 Febr.
977 1394 1008 1418 c.
1042 1382 1079 1419 ss.
1113 1387 1150 1418 et
1181 1382 1249 1420 fr.1

149 1459 263 1498 obs.
325 1461 540 1507 Specimina
573 1461 609 1496 in
644 1461 821 1497 arenosis
855 1460 1050 1507 tingitanis
1084 1461 1179 1496 lecta
1212 1472 1231 1496 a
1264 1461 1376 1497 beato
1410 1462 1630 1509 Schousboe,

233 1543 271 1573 et
301 1538 338 1573 in
373 1539 480 1575 herb.
515 1540 614 1575 hort.
648 1539 762 1576 haun.
795 1543 1009 1588 asservata,
1036 1539 1190 1575 nomine
1217 1541 1257 1575 L.
1285 1542 1405 1577 cretici
1430 1539 1631 1583 designata

236 1617 391 1652 omnino
424 1617 561 1653 similia
604 1622 694 1653 sunt
727 1617 788 1666 iis,
831 1628 913 1664 quae
945 1617 1029 1664 ipse
1069 1617 1168 1653 circa
1201 1618 1356 1653 Portum
1398 1617 1460 1653 S‘ae
1502 1617 1631 1654 Mariae

238 1695 325 1740 legi.
386 1695 560 1731 Eandem
594 1697 760 1742 plantam
794 1696 840 1730 cl.
877 1696 1077 1741 Bourgeau
1109 1696 1144 1731 in
1180 1696 1375 1732 Lusitania
1407 1697 1471 1741 (ad
1508 1697 1632 1741 Lagos

239 1774 304 1809 Nr.
349 1773 469 1823 1840,
512 1775 552 1810 L.
594 1774 830 1819 Saizmanni)
872 1780 908 1809 et
945 1773 981 1809 in
1026 1774 1213 1820 Hispania
1255 1775 1392 1810 orient.
1427 1772 1552 1824 (Cabo
1586 1774 1633 1809 de

240 1851 297 1887 St⁰
330 1852 419 1887 Palo
454 1864 510 1899 pr.
543 1853 739 1898 Alicante3
781 1853 821 1887 L.
856 1852 1021 1888 creticus
1054 1853 1100 1889 N.
1143 1851 1270 1903 1732)
1313 1853 1424 1901 legit,
1465 1857 1501 1887 et
1540 1852 1633 1888 cha-

239 1934 422 1981 racteres,
456 1931 519 1977 qui
556 1933 594 1966 L.
629 1931 843 1968 Salzmanni
875 1930 1002 1967 Boiss.
1037 1931 1072 1966 ὦ
1097 1931 1208 1968 Reut.
1235 1931 1508 1979 attribuuntur,
1536 1931 1633 1966 bene

238 2009 274 2044 in
310 2009 520 2055 specimina
554 2013 685 2044 nostra
719 2009 924 2058 quadrant,
958 2020 1041 2055 quae
1080 2009 1207 2057 igitur,
1249 2010 1344 2046 locis
1377 2010 1454 2045 fere
1494 2008 1631 2044 iisdem

238 2086 401 2133 insuper
433 2087 543 2135 lecta,
578 2087 649 2122 huc
681 2087 881 2123 referenda
924 2098 1014 2122 esse
1054 2098 1212 2123 censeo.
1272 2087 1396 2122 Etiam
1438 2087 1633 2133 specimen

242 2167 280 2201 L.
315 2168 523 2202 commutati
556 2165 689 2213 Guss.,
723 2165 825 2211 quod
860 2165 1063 2215 possideo,
1104 2166 1149 2200 ad
1183 2165 1349 2212 Trapani
1391 2165 1525 2200 Siciliae
1556 2165 1636 2200 lec-

241 2249 318 2280 tum
376 2243 563 2292 (Todaro)
619 2243 679 2278 his
734 2254 897 2289 prorsus
945 2242 1070 2278 simile
1118 2247 1199 2292 est,
1249 2254 1376 2290 neque
1424 2243 1635 2289 descriptio

241 2322 499 2358 Gussoneana
532 2322 555 2356 1.
589 2333 620 2356 c.
656 2322 798 2370 obstat,
833 2321 922 2367 quin
958 2322 1086 2367 planta
1119 2321 1240 2357 sicula
1272 2333 1356 2357 cum
1386 2321 1568 2367 tingitana
1601 2325 1638 2356 et

240 2399 385 2435 boetica
419 2398 582 2434 identica
624 2409 713 2434 esse
746 2399 885 2445 possit.
948 2399 1024 2434 Sed
1068 2405 1204 2444 praeter
1245 2400 1392 2435 caulem
1441 2399 1636 2435 elatiorem

241 2477 441 2524 magisque
474 2481 666 2525 erectum,
700 2477 782 2513 basi
816 2476 1103 2512 sufsruticosum
1145 2489 1218 2513 non
1251 2477 1362 2513 video
1395 2478 1638 2513 characteres

242 2556 452 2604 graviores,
487 2554 627 2601 quibus
660 2566 677 2590 a
715 2556 752 2591 L.
785 2558 915 2591 cretico
956 2555 997 2591 L.
1040 2555 1340 2601 distingueretur
1380 2556 1459 2591 haec
1505 2560 1638 2591 nostra

244 2634 386 2679 planta,
421 2644 538 2679 quare
572 2633 733 2668 eandem
759 2633 805 2667 ad
834 2632 1052 2669 varietatem
1081 2633 1397 2682 Candoileanam,
1425 2633 1496 2669 etsi
1524 2634 1638 2679 hujus

241 2712 451 2757 specimina
485 2722 559 2746 non
593 2710 682 2758 vidi,
717 2711 763 2745 ad
796 2710 947 2746 interim
975 2711 1098 2746 retuli.
1156 2712 1298 2747 Forsan
1325 2723 1479 2758 quoque
1507 2712 1639 2758 plures

242 2801 274 2825 s.
309 2789 346 2823 d.
381 2789 533 2835 species
568 2789 833 2825 Gussoneanae
875 2799 1029 2835 quoque
1069 2789 1115 2824 ad
1158 2789 1200 2824 L.
1234 2793 1399 2826 creticum
1431 2790 1640 2825 reterendae

241 2872 344 2903 sunh

1296 2943 1339 2974 25
