1919 3199
863 96 942 136 281·

259 228 294 264 in
343 230 385 266 A.
420 230 663 279 sesamoide,
719 233 854 267 semina
901 232 955 276 (g)
1003 231 1267 280 subrotunda7
1310 231 1440 267 leviter
1486 243 1652 276 rugoso-

261 308 511 344 tubercuiata.

318 387 421 421 lnter
453 391 606 433 segetes
641 387 685 421 ad
727 397 864 433 pagum
896 387 1095 423 Manzanal
1129 387 1164 422 in
1198 387 1393 423 montibus
1431 387 1646 433 Legionen-

260 464 369 500 sibus
402 464 599 500 florentem
634 465 943 512 fructiferumque
976 466 1050 510 legi
1083 465 1143 499 die
1178 465 1230 502 10
1260 465 1368 503 Juiii!

313 543 344 576 A
385 543 640 590 praecedente,
681 544 728 578 ita
771 548 809 579 ut
841 544 1051 594 areliquis
1092 544 1245 587 generis
1279 543 1502 591 speciebus,
1536 542 1645 578 valde

261 620 388 656 differt
420 620 498 656 haec
531 621 670 669 planta,
706 622 876 667 proxime
909 622 1099 657 accedens
1133 623 1178 657 ad
1213 623 1252 659 Α.
1287 625 1534 670 sesamoidem,
1583 621 1651 656 scd

261 699 367 735 facile
394 700 439 734 ab
468 699 536 734 hac
556 699 828 745 distinguenda
863 701 990 736 radice
1024 700 1109 735 exili
1143 712 1283 750 annua,
1318 700 1416 735 foliis
1451 699 1651 735 latioribus

262 782 298 813 et
346 778 613 825 brevioribus7
661 789 763 824 saepe
809 778 949 824 crispis
992 791 1023 813 v,
1067 779 1286 824 unduiatis.
1333 778 1496 814 floribus
1538 778 1654 812 multo

262 855 498 911 minoribus,
555 857 690 902 petalis
740 856 952 907 7-9-fidis,
1000 858 1213 904 appendice
1261 858 1408 906 latiore,
1449 857 1542 892 infra
1602 857 1658 891 la-

266 934 375 970 minae
407 927 518 970 basin'
551 935 729 984 dilatato,
773 937 863 971 tubo
903 935 1089 972 stamineo
1123 936 1278 984 latiore,
1326 947 1410 971 cum
1451 934 1657 970 filamentis

266 1012 656 1062 papilloso-scabris,
704 1014 885 1059 carpidiis
919 1015 1029 1059 vulgo
1064 1015 1108 1056 ῖς
1150 1014 1248 1060 stylo
1292 1014 1418 1049 minus
1452 1013 1656 1059 producto.

265 1095 304 1130 A.
322 1095 537 1129 sesamoides
571 1106 612 1140 a,
646 1092 793 1139 alpinus
820 1092 918 1127 Salis
952 1092 1121 1143 (Beseda
1157 1104 1325 1138 pygmaea
1360 1092 1536 1138 Scheele)
1571 1089 1660 1126 mihi

267 1171 448 1218 ignotus7
489 1170 533 1204 ad
570 1174 740 1206 nostram
782 1172 965 1206 accedere
999 1171 1162 1219 videtur,
1205 1171 1274 1206 sed
1309 1171 1388 1206 haec
1420 1170 1467 1205 ob
1501 1169 1660 1205 charac-

267 1255 367 1285 [eres
401 1249 576 1285 laudatos
612 1260 657 1283 ne
692 1253 730 1283 ut
762 1249 924 1285 varietas
958 1250 1114 1296 quidem
1148 1261 1231 1284 curn
1257 1250 1301 1286 A.
1323 1248 1543 1284 sesamoide
1565 1259 1660 1283 con-

260 1329 369 1375 jungi
403 1339 521 1375 posse
553 1327 712 1364 videtur.
774 1329 829 1363 Ab
858 1330 1033 1366 Actum
1065 1333 1101 1363 ct
1132 1327 1365 1379 suffrutt'coso
1401 1339 1470 1362 nec
1504 1338 1578 1362 non
1613 1327 1658 1361 ab

270 1411 310 1445 Α.
345 1407 619 1455 cochlearifolio
653 1407 797 1453 Nyman
832 1408 936 1453 (Kgl.
974 1408 1054 1443 Vet.
1090 1409 1154 1443 Ac.
1192 1407 1300 1442 Forh.
1338 1405 1458 1455 1561,
1494 1417 1528 1451 p.
1566 1404 1660 1451 191)

268 1486 387 1531 magis
421 1487 545 1523 adhuc
578 1487 755 1523 distincta
790 1490 861 1521 est.

156 1567 290 1601 Beseda
321 1568 514 1612 bipinnaea
542 1566 669 1601 Willd.
705 1565 767 1616 (R.
787 1564 959 1610 gigantea
995 1564 1101 1599 herb.
1123 1564 1276 1605 Pourr.)
1309 1564 1352 1599 R.
1374 1561 1661 1599 suffruticulosa

269 1644 432 1680 Cutand.
467 1646 503 1682 ss.
537 1656 662 1691 comp.
696 1645 806 1681 Matr.
842 1655 877 1688 p.
916 1642 994 1681 152
1026 1643 1139 1686 (excl.
1175 1643 1347 1689 synon.).
1585 1687 1587 1689 Ι

268 1724 308 1757 ln
342 1723 504 1759 collibus
537 1723 738 1770 gypsaceis
779 1722 826 1757 ad
860 1722 1069 1768 Aranjuez,
1109 1721 1162 1759 20
1194 1721 1283 1767 Maj.
1325 1732 1356 1756 c.
1392 1721 1450 1757 [Li
1512 1719 1659 1755 Eodem

324 1802 406 1837 loco
447 1807 557 1838 antea
597 1813 615 1837 a
657 1801 832 1848 pluribus
874 1800 1087 1847 botanicis,
1134 1811 1165 1835 v.
1198 1811 1230 1836 c.
1266 1800 1343 1846 jam
1384 1810 1402 1834 a
1448 1797 1661 1845 Pourretio,

323 1881 418 1916 lecta
465 1886 525 1917 est
573 1881 650 1916 haec
691 1882 832 1926 planta.
908 1879 1056 1914 Nomen
1100 1878 1414 1925 Pourretianum7
1465 1877 1567 1923 quod
1616 1877 1662 1911 ad

326 1960 437 2008 hanc,
472 1971 555 2007 nec,
589 1964 629 1994 ut
661 1959 776 1994 voiuit
799 1958 867 1998 cel,
887 1958 920 1993 J.
939 1957 1080 1993 Mulier
1113 1961 1306 2003 (monogr.
1327 1956 1468 1993 Resed.
1491 1967 1527 2001 p.
1550 1955 1663 2003 100),

326 2038 371 2072 ad
409 2039 448 2073 [ἔ.
476 2039 594 2074 albam
627 2037 814 2085 pertinet,
862 2036 1004 2082 optime
1044 2036 1276 2072 conveniens
1311 2040 1392 2083 est„
1441 2045 1525 2070 cum
1567 2035 1665 2069 inter

328 2116 501 2151 Resedas
544 2115 650 2150 facile
694 2115 876 2164 maxima,
923 2116 1030 2150 caule
1071 2119 1106 2150 et
1145 2114 1333 2160 praecipue
1379 2112 1663 2149 inssoreseentia

325 2205 411 2229 vere
444 2193 632 2239 giganteis
666 2193 843 2238 insignis.
908 2193 1084 2228 Ceterum
1126 2204 1168 2227 cx
1208 2192 1525 2227 adnotationibus
1559 2192 1595 2228 b.
1629 2192 1663 2227 J.

328 2272 403 2318 Gay
447 2272 481 2307 in
524 2272 699 2307 herbario
741 2282 811 2307 suo
844 2277 1027 2320 apparet,
1076 2272 1242 2317 plantam
1279 2271 1356 2316 jam
1396 2271 1442 2306 ab
1483 2271 1570 2306 Ant.
1613 2270 1659 2304 de

325 2351 483 2387 Jussieu
516 2361 616 2385 anno
655 2350 758 2387 1717
791 2350 825 2384 in
863 2349 1086 2395 Hispaniam
1122 2350 1255 2384 lectam
1290 2359 1393 2384 csse.

159 2431 200 2465 11.
237 2431 395 2476 Gayana
431 2428 556 2465 Boiss.
591 2430 656 2473 (R.
691 2428 817 2474 crispa
852 2428 959 2463 herb.
996 2428 1168 2474 Pourr.)!

274 2507 452 2555 Coibalo‚
484 2507 626 2543 Mahon
661 2507 849 2553 (Pourr.)!
897 2507 1064 2541 Parador
1107 2507 1153 2541 de
1187 2506 1404 2541 Villanubie
1439 2516 1495 2551 pr.
1530 2504 1659 2539 Valla-

304 2586 456 2631 ·doiid3
505 2586 540 2620 in
580 2585 745 2621 collibus
786 2585 988 2631 gypsaceis
1031 2584 1076 2619 ad
1120 2585 1307 2630 Aranjuez
1384 2584 1501 2620 Cerro
1547 2583 1664 2618 Zum-

330 2664 454 2709 balejo
488 2675 543 2709 pr.
577 2664 694 2699 Jaenz

163 2743 204 2778 R.
238 2754 505 2789 macrosperma
539 2742 657 2777 Rchb.

276 2820 318 2855 ln
365 2819 553 2869 Galleeia,
610 2820 820 2866 praesertim
861 2819 1071 2867 maritima,
1128 2818 1275 2864 passim
1316 2818 1520 2866 frequens⁷
1571 2829 1603 2851 v.
1636 2830 1668 2851 c.
