1929 3277
967 159 1018 197 110

247 297 404 342 Physcia
434 295 592 332 stellaris
624 294 699 338 (L.)
732 294 816 340 Nyl.
847 306 927 330 var.
961 295 1100 332 tenella.

357 375 395 409 In
430 374 544 410 ramis
579 372 772 419 Phillyreae
805 373 1056 418 angustifoliae
1089 385 1208 420 prope
1240 374 1394 410 Portum
1426 375 1511 410 stae,
1544 373 1691 410 Mariae!

246 454 312 492 Ph.
345 453 472 500 aquila
505 452 633 498 (Aah.)
665 452 766 501 ΝῃτΙ.7
797 464 877 489 var.
909 453 1154 501 platyphylla.

355 532 396 566 Iu
431 531 590 577 rupibus
624 531 830 567 schistosis
864 532 909 567 ad
944 531 1073 578 oppid.
1110 532 1212 577 Lugo
1247 530 1441 566 Galleciae!

246 611 483 648 Umbilicaria
512 610 703 659 pustulata
735 610 817 657 (L.)
849 609 991 646 Hoffm.

358 690 397 725 1η
432 689 591 736 rupibus
624 689 817 736 graniticis
851 701 918 736 per
951 689 1155 726 Galleciam
1187 684 1389 735 frequens!

246 769 288 807 U⁴
316 770 536 817 polyphylla
569 769 651 815 (L.)
687 769 825 805 Hoffm.
899 770 938 804 In
972 773 1099 804 monte
1135 768 1251 804 Cerro
1293 768 1339 803 de
1378 768 1434 803 las
1475 767 1622 814 aguilas
1656 780 1734 815 reg.

246 849 288 886 U.
321 849 520 898 cylividrica
545 849 621 894 (L.)
642 766 867 901 Wahlenb}

246 928 288 966 U.
318 928 535 976 polyrrhiza
566 929 642 973 (L.)
677 929 807 966 Stenh.

355 1008 396 1043 ln
430 1008 588 1054 rupibus
622 1008 818 1054 graniticis
851 1008 898 1044 ad
932 1008 1035 1053 Lugo
1071 1007 1268 1046 Galleciae!

246 1087 286 1124 U.
317 1091 462 1124 murina
493 1088 622 1131 (Ach.)
654 1087 731 1125 DC.

355 1168 396 1203 In
430 1167 589 1214 rupibus
622 1168 668 1202 ad
702 1167 929 1203 Vinafranca
963 1167 1023 1202 del
1056 1166 1191 1202 Vierzo
1225 1166 1391 1213 alibique
1424 1166 1460 1202 in
1495 1165 1608 1213 Hisp.
1635 1167 1737 1203 bon!

984 849 1057 896 alp.
1093 851 1198 883 mont
1232 847 1460 894 carpetam!

825 1380 861 1419 5.
925 1383 1160 1419 Placodei.

244 1483 467 1531 Squamaria
498 1496 624 1521 crassa
651 1484 814 1529 [Huds.)
848 1483 924 1520 DC.

354 1565 393 1600 In
441 1563 602 1599 collibus
649 1563 853 1609 gypsaeeis
899 1564 943 1598 ad
979 1564 1186 1610 Aranjuez3
1232 1562 1267 1599 in
1316 1563 1419 1600 saxis
1461 1562 1642 1599 calcareis
1677 1573 1733 1610 pr.

412 1642 613 1678 Granatam
646 1644 800 1680 urbem!

299 1748 326 1770 ,7
385 1734 465 1758 var.
499 1725 615 1759 nivea.

353 1802 396 1837 In
430 1801 568 1848 pinetis
601 1803 684 1837 solo
717 1812 881 1837 arenoso
914 1802 960 1837 ad
995 1802 1173 1838 Chieiana
1206 1803 1241 1839 ss.
1277 1803 1408 1839 Gadit!

244 1882 282 1917 S.
314 1893 496 1928 yypsacea
528 1882 647 1926 (Sin.)
679 1882 780 1932 NY¹7
812 1894 891 1918 var.

354 1961 395 1996 ln
430 1960 591 1997 collibus
625 1960 825 2007 gypsaceis
858 1961 904 1995 ad
937 1961 1147 2007 Araujuez!

244 2040 455 2077 Placodium
484 2039 632 2088 falyens
665 2041 774 2085 (Sw.)
808 2039 887 2076 DC.

355 2119 394 2153 In
429 2119 568 2165 pinetis
602 2120 685 2155 solo
719 2129 882 2155 arenoso
915 2119 961 2154 ad
996 2118 1173 2155 Chiclana
1209 2120 1245 2155 ss.
1281 2118 1429 2154 Gadit.!

246 2200 428 2235 Lecanora
460 2200 674 2236 Schleicherz·
705 2195 837 2248 (Ach.)
870 2198 954 2244 Nyl.

352 2279 393 2314 In
427 2279 511 2314 solo
544 2277 714 2313 calcareo
746 2278 791 2312 ad
825 2278 963 2324 pedem
995 2277 1180 2313 montium
1198 2277 1455 2314 Marianorum
1476 2289 1532 2325 pr.
1552 2277 1732 2315 cordoba

353 2363 387 2393 et
419 2369 537 2404 prope
568 2358 737 2403 Malaga!

296 2462 323 2487 79
381 2449 460 2473 var.
495 2439 674 2474 saxicola.

353 2516 394 2550 In
427 2516 586 2562 rupibus
619 2517 801 2552 caleareis
835 2517 880 2551 :id
914 2515 1099 2551 Almeria!

243 2595 453 2632 Urceolarta
483 2596 634 2632 ocellata
667 2595 791 2641 (vill.)
823 2595 901 2632 DC.

354 2675 392 2709 ln
425 2674 588 2710 collibus
622 2674 801 2710 ealcareis
836 2687 891 2722 pr.
925 2675 1093 2719 Maiaga!

242 2754 281 2791 U.
313 2766 488 2801 scruposa
517 2766 596 2790 var.
631 2757 814 2801 diacapsis
850 2754 988 2790 Schaer.

353 2833 392 2868 ln
426 2833 587 2869 collibus
621 2833 800 2868 calcareis
834 2845 888 2880 pr.
924 2835 1136 2880 Aranjuez!
