1929 3277
917 134 967 172 15

741 272 1139 308 Bartramioideae.

202 352 413 388 Bartramia
441 352 599 398 fontana
631 349 713 399 (L.)
747 348 938 394 Schwzigr.

309 431 349 465 In
384 429 576 465 montibus
611 427 835 475 Carpetanis
869 439 987 475 prope
1019 429 1190 465 Escorial
1223 428 1380 478 (Jun.)!

201 511 240 546 Β.
273 509 479 557 ithyphylla
510 508 613 544 Brid.

309 588 351 623 In
384 588 541 636 rupibus
575 598 652 633 reg.
688 587 839 633 subalp.
873 591 990 622 mont.
1026 587 1228 634 Carpetan.
1263 599 1377 634 supra
1411 589 1686 625 Navaeerrada.

365 667 436 712 (20
465 669 554 703 Jun.
587 678 618 702 c.
651 666 734 710 fr.)1

201 749 240 783 Β.
272 749 500 796 pomiformis
533 746 667 782 Hedw.
701 759 780 783 var.
815 750 949 794 crispa.

309 828 348 863 ln
381 826 540 872 rupibus
573 826 712 861 montis
747 825 870 861 Sierra
905 826 950 861 de
988 827 1136 861 Alsacar
1166 826 1203 861 ss.
1238 826 1393 862 Granat.
1434 829 1544 875 (Apr.
1577 842 1609 866 c.
1642 832 1685 868 fr.

366 904 529 950 effoet.];
577 906 612 940 in
656 904 806 940 ericetis
850 905 1039 941 montanis
1083 905 1128 940 ad
1170 905 1396 941 Viliafranca
1445 908 1505 944 del
1551 910 1687 947 Vierzo

364 984 457 1027 (Jul.
489 996 519 1019 c.
553 984 636 1027 fr.)!

797 1063 1084 1100 Pottioideae.

202 1130 325 1179 l‘Jottia
355 1143 578 1179 Starckeana
612 1141 653 1176 C.
686 1141 795 1177 Mun.

309 1220 350 1255 In
397 1220 535 1266 pinetis
584 1220 668 1256 solo
716 1231 880 1256 arenoso
927 1221 972 1255 ad
1007 1221 1159 1257 Portum
1194 1222 1279 1258 Stae.
1313 1223 1439 1259 Mariae
1480 1225 1516 1259 ss.
1561 1224 1685 1262 Gadit.

363 1296 490 1350 (Febr.
523 1311 555 1336 c,
588 1299 671 1342 fr.)!

196 1379 238 1415 P.
271 1383 431 1415 eustoma
459 1389 538 1415 var.
572 1381 717 1425 auripes
749 1377 790 1412 C.
823 1379 931 1414 Muli.

310 1458 349 1493 In
384 1457 558 1493 arenosis
590 1456 719 1492 isthmi
740 1456 914 1493 Gaditani
933 1469 990 1504 pr.
1012 1458 1044 1493 la
1065 1458 1272 1494 Cortadura
1309 1460 1430 1504 (Febr.
1454 1472 1486 1496 c.
1506 1461 1687 1507 fr.j11n.)!

197 1537 237 1574 P.
269 1536 448 1574 minutula
479 1536 706 1582 (Schwzigr.)
740 1537 855 1583 Hmp.

308 1616 349 1650 ln
383 1615 521 1661 pinetis
556 1616 638 1651 solo
671 1626 834 1651 arenoso
874 1616 919 1650 ad
955 1615 1133 1651 Chiclana
1155 1617 1189 1652 ὢ
1212 1617 1348 1653 Puerto
1381 1618 1427 1653 de
1461 1619 1536 1654 Sta.
1570 1619 1686 1656 Maria

364 1695 488 1739 (Febr.
508 1706 538 1730 e.
560 1694 640 1743 fr.);
673 1695 708 1730 in
729 1694 889 1731 collibus
923 1695 1103 1731 calcareis
1123 1697 1168 1731 ad
1189 1696 1365 1732 Cordoha
1399 1696 1532 1745 (Mart.
1555 1710 1586 1736 c,
1606 1699 1687 1745 s1·.)!

199 1774 483 1811 Trichostomum
513 1774 686 1811 rubellum
719 1773 866 1822 (Roth)
900 1774 1072 1810 Rabenh.

307 1852 349 1887 In
390 1863 539 1889 summo
574 1854 665 1900 jugo
697 1853 786 1888 Port
825 1845 873 1888 de*
914 1853 1117 1900 Benasque
1160 1865 1237 1900 reg.
1278 1855 1349 1901 alp.
1396 1856 1529 1902 Pyren.
1569 1862 1686 1895 centr.

362 1932 474 1977 [Aug.
508 1944 539 1967 c.
573 1931 655 1976 fr.)!

198 2011 237 2046 T.
278 2010 476 2059 latifolium
514 2023 593 2048 var.
630 2014 798 2048 malicum
846 2011 886 2047 C.
919 2011 1027 2047 Mun.

306 2091 345 2126 ln
398 2090 557 2136 rupibus
605 2102 683 2135 reg.
736 2089 887 2136 subalp.
936 2090 1070 2136 Pyren.
1126 2091 1347 2127 centralium
1394 2091 1618 2138 Hispaniam
1667 2104 1685 2127 a

367 2168 485 2204 Gallia
520 2169 777 2215 separantium
810 2170 897 2213 [Pas
932 2166 1177 2218 d'Escalette‚
1212 2171 1306 2217 Aug.
1333 2183 1364 2209 e.
1398 2171 1478 2215 fr.]!

197 2248 358 2283 Barbula
390 2243 560 2294 ambigua
591 2247 653 2283 ΒΓ.
689 2248 720 2285 &c
753 2248 839 2284 Sch.

307 2327 361 2361 Ad
382 2314 560 2362 c'acumen
581 2327 720 2362 montis
743 2327 858 2363 Cerro
879 2327 1081 2362 Coronado
1101 2339 1157 2373 pr.
1174 2328 1323 2374 Malaga
1344 2329 1445 2372 (Jan.
1467 2329 1688 2376 c.fr.jun.)!

196 2406 235 2441 Β.
268 2406 404 2442 aloidas
437 2406 578 2450 (Koch)
613 2406 674 2441 Br.
708 2406 795 2442 Sch.

306 2484 347 2519 ln
395 2490 521 2521 monte
554 2487 723 2521 calcareo
770 2487 867 2521 Pena
916 2485 1074 2521 Castillo
1122 2498 1176 2532 pr.
1211 2487 1426 2522 Santander
1466 2486 1674 2522 Cantabriae

390 2563 493 2610 (Oct.
514 2576 544 2602 e.
565 2561 649 2615 fr.)!

198 2641 237 2677 Β.
269 2654 471 2688 squarrosa
502 2643 606 2681 Brid.

309 2721 350 2755 ln
382 2722 542 2768 rupibus
574 2722 620 2757 ad
656 2722 857 2757 Granatain
892 2723 1023 2758 urbem
1058 2721 1221 2768 (ster.)!

200 2799 240 2836 B.
274 2804 440 2837 tortuosa
471 2801 547 2844 (L.)
583 2801 640 2836 W.
673 2801 724 2836 M.

312 2878 411 2914 inter
442 2890 530 2915 saxa
564 2880 609 2914 ad
642 2879 773 2915 Bilbao
806 2878 953 2927 (ster.)!
