1919 3199
991 227 1073 269 226

282 366 458 404 Sanicula
489 376 658 412 europaea
690 365 731 400 L.

400 445 554 480 Doncos
588 447 624 479 et
654 442 823 488 Nogales
865 440 1062 486 Galleciae3
1109 441 1344 490 Enciniilas‚
1389 441 1671 479 Guadarrama!
1732 443 1789 487 (ln

455 521 659 571 Hispania,
693 520 912 570 utvidetur,
946 531 1077 567 parum
1111 519 1324 566 frequens).

288 614 491 660 Erynyium
521 614 741 649 maritimum
774 611 813 646 L.

399 691 454 728 Ad
490 690 614 726 littora
657 700 820 725 arenosa
862 688 1003 724 Oceani
1044 688 1252 724 hincinde
1285 700 1302 724 a
1338 690 1411 724 San
1454 690 1655 726 Sebastian
1698 689 1795 726 Can-

457 768 585 804 tabriae
617 768 663 804 ad
698 767 874 804 Galleciae
907 778 994 803 oras
1029 767 1312 813 occidentales3
1348 767 1483 804 Cadizl

290 849 336 889 E.
370 852 564 895 campestre
594 848 634 884 L.
669 847 799 892 (Hisp.
834 845 959 882 Cardo
993 846 1209 890 corredor).

400 929 441 963 ln
463 925 628 963 Gallecia
648 925 774 961 minus
800 925 983 971 frequens
1017 921 1177 973 (Tuy!);
1210 928 1378 960 ceterum
1412 935 1480 970 per
1512 928 1627 960 totam
1650 925 1796 971 Hispa-

457 1005 557 1040 niam
589 1004 910 1050 vulgatissimum.

289 1085 334 1120 Ε.
370 1085 552 1130 Bourqati
585 1082 733 1118 Gouan.

403 1162 442 1196 ln
484 1161 644 1208 rupibus
692 1159 874 1195 calcareis
922 1169 1002 1204 reg.
1051 1160 1202 1206 subalp.
1252 1159 1393 1195 montis
1440 1161 1473 1194 la
1517 1160 1630 1195 Tesla
1679 1171 1796 1206 supra

462 1239 691 1287 Encinillas7
728 1238 777 1277 18
810 1237 895 1275 Oct.
930 1249 961 1273 c.
995 1238 1059 1274 sn!

377 1416 412 1439 se.
438 1407 593 1447 pluribus
620 1404 916 1436 Umbelliferarum
942 1403 1136 1443 generibus,
1164 1411 1232 1434 non
1260 1403 1372 1435 solum
1400 1402 1588 1435 similitudo
1615 1405 1800 1444 conspicua

378 1463 487 1503 quoad
525 1463 679 1493 habitum
717 1461 908 1501 generalem
943 1468 978 1491 se
1003 1459 1084 1490 mihi
1113 1459 1244 1496 obtulit,
1282 1461 1446 1498 anatogiae
1484 1463 1611 1490 mutuae
1650 1461 1799 1499 signum,

378 1519 435 1550 sed
461 1520 561 1550 etiam
588 1518 706 1550 multis
736 1517 987 1549 characteribus
1014 1518 1057 1547 ita
1089 1518 1299 1547 conveniunt
1331 1517 1349 1547 2
1381 1525 1409 1547 v.
1437 1516 1532 1556 plura
1558 1525 1691 1556 genera,
1717 1516 1800 1547 olim

379 1577 466 1607 inter
493 1576 510 1606 2
537 1577 641 1606 series
658 1562 870 1615 'principales
898 1573 1087 1609 distributa,
1116 1575 1151 1603 ut
1175 1572 1337 1603 affinitate
1358 1572 1502 1603 naturali
1517 1574 1700 1611 conJuncta
1725 1580 1801 1603 esse

379 1632 564 1663 videantur.
613 1632 705 1662 Talia
730 1630 882 1670 exempla
908 1630 1063 1669 sequenti
1088 1628 1203 1660 tabula
1227 1638 1432 1669 proponam:

603 1698 854 1739 Ortlzospermce.
1230 1695 1534 1738 Campylospermae.

555 1755 733 1787 Actinotus
767 1775 1184 1785 .............
1234 1753 1406 1792 Lagoecia.

556 1811 739 1851 Eryxigium
767 1831 1185 1841 .............
1233 1809 1482 1850 Ecliinophora.

558 1868 704 1898 Bunium
736 1887 1183 1897 ..............
1233 1866 1481 1906 Conopodium.

558 1924 684 1955 Carum
701 1944 1185 1952 ...............
1236 1922 1419 1958 Bnlansaea,
1446 1922 1678 1953 Heterotaenia.

557 1979 756 2019 pimpinella
795 2000 1181 2009 ............
1233 1978 1531 2018 Pliysospermum.

558 2035 766 2075 Bupleurum
800 2056 1180 2066 ............
1230 2034 1436 2074 smyrnium.

558 2092 700 2123 AEtliusa
739 2112 1188 2121 ..............
1238 2090 1397 2121 Conium.

558 2148 768 2188 Ligusticum
803 2168 1182 2177 ............
1232 2147 1553 2186 Molopospermum.

559 2204 678 2235 Ferula
704 2224 1190 2234 ...............
1238 2203 1397 2242 Caclirys.

559 2259 719 2299 Angelica
736 2280 1188 2289 ..............
1238 2258 1536 2299 Pleurospermum

560 2316 735 2347 Pastiuaca
773 2336 1188 2346 .............
1237 2315 1422 2346 Malabaila.

562 2371 761 2402 Heracleum
772 2391 1188 2403 .............
1238 2371 1431 2410 Mflgydaris.

563 2428 789 2466 Laserpitium
840 2448 1192 2457 ...........
1243 2428 1411 2466 Margotia.

563 2483 707 2524 Thapsia
740 2505 1190 2514 ..............
1238 2483 1493 2514 Elaeoselinum.

563 2539 698 2571 Daucus
1239 2539 1406 2571 caucalis.

565 2595 709 2627 Durieua
806 2617 1189 2626 ............
1238 2596 1369 2626 Torilis.

565 2652 683 2692 Orluya
1238 2652 1412 2691 Tui-genia.

460 2719 572 2760 Neque
599 2719 728 2757 dubito,
755 2719 835 2758 quin
862 2718 994 2758 plenior
1018 2720 1224 2759 comparatio
1250 2727 1413 2758 generum
1440 2718 1481 2749 ad
1507 2718 1525 2749 2
1551 2718 1657 2749 series
1682 2715 1805 2748 relato-

388 2784 464 2806 rum
489 2775 639 2815 exempla
665 2775 719 2805 liic
744 2775 916 2814 proposita
941 2779 1071 2814 augeat,
1099 2783 1201 2814 quare
1226 2776 1348 2805 revisio
1375 2774 1486 2806 futura
1510 2772 1805 2806 Umbelliferarum

392 2831 503 2863 forsan
532 2832 791 2872 dispositionem
823 2830 863 2861 ab
896 2830 1059 2861 hodierna
1084 2829 1179 2861 valde
1211 2830 1422 2861 (lissercntem
1448 2830 1555 2867 dabit,
1588 2831 1631 2861 ita
1664 2831 1701 2860 ut
1720 2836 1751 2859 v.
1776 2836 1804 2858 c.

391 2889 477 2919 intra
511 2887 595 2919 fines
627 2887 840 2926 singularum
878 2887 1030 2918 tribuum
1068 2886 1274 2917 naturalium
1310 2889 1379 2917 tam
1415 2894 1537 2925 genera
1570 2885 1805 2925 orthosperma

392 2952 493 2982 quam
520 2943 809 2984 campylosperma
836 2944 904 2974 sint
929 2943 1136 2974 collocanda.
