1929 3277
836 126 891 165 27

117 266 157 302 Α.
190 267 382 302 aristatum
412 261 543 298 Boiss.
576 273 657 309 voy.
689 273 725 308 p,
759 259 838 300 638
870 261 977 306 (Lge.
1021 270 1102 296 exs.
1136 270 1172 295 n.
1207 257 1296 304 18);
1332 258 1374 295 A.
1409 256 1615 293 Carrefiia-

230 353 319 379 num
351 341 450 377 Parl.

228 421 268 456 ln
316 419 510 456 montibus
552 418 859 464 Legionensibus
905 417 1062 466 (Puerto
1110 417 1157 452 de
1188 415 1407 459 Manzanal)
1451 418 1487 449 et
1521 414 1615 450 Car-

283 499 432 546 petanis
466 498 673 547 (Escorial7
708 495 1248 541 Guadarrama)(J11n.—Jul.
1283 505 1314 532 c,
1347 494 1385 529 fl.
1420 497 1456 529 et
1479 493 1562 537 fr.)!

115 580 157 615 A.
191 579 308 616 Puelii
338 579 466 625 Lecoq
498 577 532 612 ἅ
564 577 734 612 Lamotte
767 576 850 625 (cfr.
871 577 949 613 DR.
982 576 1033 622 pl.
1071 574 1229 611 Girond.
1263 585 1300 620 p.
1334 572 1410 618 263
1440 573 1484 609 A.
1518 572 1616 607 odo-

229 661 349 695 ratum
381 658 421 708 β,
455 656 573 693 Puelii
607 656 719 693 Coss.
753 655 786 692 Sc
816 655 894 692 DR.
927 655 1026 701 expl.
1061 654 1149 701 Alg.
1183 665 1220 701 p.
1252 652 1328 699 213
1362 654 1406 688 A.
1440 650 1616 697 angusti-

227 737 357 774 folium
391 737 497 773 Plan.
532 737 672 783 Ensay.
707 747 743 782 p.
762 734 867 781 3933
900 735 946 773 A.
964 735 1161 771 aristatum
1189 735 1228 785 β,
1263 734 1389 769 laxum
1411 732 1499 777 Lge.
1533 730 1613 766 ind.

228 829 324 854 sem.
362 818 462 853 hafn.
498 814 604 856 1853
636 828 673 863 p.
705 814 745 864 2,
780 826 862 853 exs.
895 826 930 852 n.
966 815 1048 861 19).
1082 835 1137 841 —-
1169 813 1316 850 Culmis
1349 810 1613 858 gracilioribus

229 897 428 945 magisque
460 895 640 944 ramosis,
675 895 806 941 thyrso
839 895 938 945 laxo,
972 894 1111 941 glumis
1145 891 1418 940 glabriusculis
1450 902 1469 925 a
1502 889 1619 937 priori

229 976 474 1025 discernitur,
508 976 617 1022 cujus
657 975 776 1011 forma
819 974 941 1020 typica
974 974 1073 1010 inter
1113 975 1157 1009 A.
1194 977 1343 1009 ovatum
1382 972 1473 1016 Lag.
1505 973 1542 1006 et
1573 970 1616 1004 A.

229 1056 348 1092 Puelii
381 1059 510 1092 exacte
541 1053 766 1090 intermedia
801 1058 880 1103 θεῖ,
929 1065 1047 1100 quare
1079 1053 1135 1089 hae
1166 1052 1191 1091 3
1223 1051 1375 1099 species
1408 1060 1542 1086 aunuae
1582 1048 1618 1083 in

227 1147 341 1172 unam
373 1134 642 1170 verosimiliter
670 1133 877 1180 Jungendae
909 1138 968 1179 (ut
1007 1133 1117 1169 etiam
1151 1133 1351 1168 voluerunt
1384 1129 1470 1166 cell.
1506 1128 1618 1164 Coss,

228 1215 263 1251 ἀ
293 1215 408 1264 DR.)‚
441 1213 595 1249 minime
626 1224 715 1249 vero
748 1224 830 1248 cum
864 1213 908 1248 A.
943 1213 1103 1248 odorato
1137 1210 1390 1247 associandae.

228 1295 272 1330 ln
291 1293 458 1342 ericetis.
491 1292 636 1339 campis
667 1292 820 1328 incultis
854 1296 890 1327 et
920 1291 1019 1327 inter
1044 1296 1198 1338 segetes
1219 1289 1396 1326 Galleciae
1421 1288 1620 1335 frequens‚

285 1384 354 1409 nec
392 1383 468 1408 non
507 1372 544 1408 in
578 1382 683 1419 prov.
724 1371 958 1418 Legionensi
998 1371 1247 1419 (Villafranca
1287 1369 1348 1405 del
1380 1367 1533 1414 Vierzo‚
1565 1367 1622 1401 las

285 1453 478 1494 Medolas)
525 1452 600 1488 Jul.
640 1453 759 1497 Aug.l
804 1453 978 1488 Formam
1026 1461 1235 1498 praecocem
1270 1448 1450 1496 pumilam
1496 1446 1543 1481 ad
1588 1444 1621 1482 la

285 1533 455 1579 Albayda
504 1543 560 1578 pr.
606 1531 784 1567 Cordoba
826 1531 899 1576 legi
938 1530 993 1569 20
1023 1531 1135 1567 Mart.
1169 1541 1200 1567 e.
1233 1529 1287 1579 fl.7
1336 1526 1553 1573 similisque
1585 1525 1621 1560 in

286 1611 462 1648 herbario
503 1611 693 1647 Schousb.
728 1622 784 1657 pr.
815 1610 973 1657 Trujillo
993 1609 1281 1646 Extremadurae
1314 1608 1353 1654 (9
1380 1608 1491 1654 Apr.)
1525 1606 1620 1641 lecta

287 1694 423 1728 exstat.
441 1691 448 1728 1

495 1825 533 1864 3.
597 1826 903 1863 Seslcriaceae
936 1825 1053 1862 Godr.
1087 1823 1122 1859 δὲ
1155 1823 1270 1860 Gren.

121 1931 279 1968 Sesleria
311 1935 481 1976 arqentea
511 1929 601 1966 Savi
632 1929 709 1964 bot.
742 1928 896 1964 Etruse.
932 1927 969 1977 1,
998 1939 1033 1974 ρ.
1068 1924 1123 1965 68
1150 1926 1328 1970 (Festuca
1361 1929 1540 1971 argentea
1577 1924 1622 1960 G.

235 2009 318 2046 Savi
349 2008 384 2044 in
419 2009 501 2045 Ust.
534 2009 632 2045 Ann.
668 2007 776 2047 1800
807 2008 864 2052 (S.
897 2006 1103 2054 cylindrica
1135 2006 1214 2044 DC.
1247 2006 1284 2043 ss.
1319 2006 1409 2052 Fr.).

235 2090 277 2124 In
309 2088 404 2124 locis
429 2088 625 2124 umbrosis
658 2087 828 2134 regionis
861 2091 1049 2122 montanae
1083 2087 1167 2123 solo
1200 2087 1371 2122 calcareo
1406 2095 1523 2131 supra
1542 2084 1623 2120 En-

290 2167 438 2204 cinillas
470 2167 778 2214 (prov.Burgos)
811 2166 882 2214 (18
916 2165 999 2203 Oet.
1033 2177 1064 2202 c.
1099 2166 1136 2201 fl.
1172 2165 1204 2203 dc
1235 2165 1318 2208 fr.)!

125 2247 331 2287 Oreochloa
358 2249 622 2295 pedemontana
652 2246 762 2282 Reut.
812 2246 958 2291 (Boiss.
993 2245 1024 2283 όε
1055 2245 1164 2281 Reut.
1200 2255 1289 2291 pug.
1329 2243 1381 2289 pl.
1415 2255 1452 2289 p.
1497 2240 1625 2287 126)2

235 2326 277 2362 In
311 2325 466 2372 regione
500 2325 702 2372 subalpina
734 2325 874 2361 montis
911 2325 943 2360 la
975 2324 1089 2361 Tesla
1129 2335 1245 2370 supra
1285 2322 1510 2359 Encinillas.
1554 2321 1626 2369 (18

294 2405 379 2442 Oct.
412 2405 595 2443 fructibus
625 2406 702 2452 jam
736 2403 941 2450 delapsis).

128 2485 238 2523 Obs.
287 2485 399 2522 Foliis
434 2484 580 2534 planis7
629 2484 837 2519 rbizomate
870 2483 1024 2529 oblique
1057 2486 1214 2528 repente
1247 2482 1375 2528 planta
1408 2481 1491 2516 loco
1524 2479 1626 2515 indi-

185 2569 266 2601 cato
312 2566 407 2600 lecta
448 2565 493 2599 ab
542 2564 585 2600 Ο.
633 2565 789 2600 disticha
835 2563 979 2610 (Pers.)
1012 2561 1078 2597 Lk.
1119 2561 1228 2596 valde
1272 2560 1412 2606 differt,
1461 2561 1529 2595 sed
1578 2561 1625 2596 ol)

185 2648 323 2680 statum
342 2641 873 2691 provectuminssoreseeutiae
906 2652 973 2687 pro
1006 2644 1110 2676 certo
1144 2651 1226 2676 eam
1256 2638 1512 2675 determinare
1547 2650 1620 2674 non

187 2724 322 2761 audeo,

133 2802 334 2840 Echinaria
365 2806 527 2850 capitata
558 2803 633 2847 (L.)
666 2801 773 2838 Dess.
807 2802 879 2838 Atl.
915 2800 951 2851 1,
984 2799 1077 2838 385.
1112 2799 1219 2845 (Lge.
1253 2810 1334 2836 exs.
1368 2809 1403 2836 n.
1436 2797 1521 2842 43)-

243 2882 285 2917 ln
340 2866 502 2917 collibus
557 2881 781 2928 campisque
835 2879 952 2915 aridis
1000 2890 1068 2925 per
1114 2882 1229 2914 totam
1277 2878 1354 2913 fere
1404 2876 1630 2924 Hispaniam
