1919 3199
865 147 946 188 349

156 287 200 326 0.
231 288 473 334 yibraltarica
503 285 630 321 Boiss.
664 286 728 329 (Ο.
751 284 1015 322 ramosissima
1047 298 1085 332 y,
1119 283 1270 328 gracilis
1305 283 1421 320 Gren.
1455 288 1490 319 et
1516 283 1653 329 Godr.)

267 364 429 414 diffusa,
477 364 651 414 gracilis,
699 365 825 401 foliola
873 361 1164 411 angustissima,
1211 361 1488 409 3-5-dentata,
1536 362 1652 398 flores

267 443 383 489 duplo
424 443 591 479 minores
632 454 744 490 quam
784 444 819 479 in
861 442 1125 489 praecedente,
1174 440 1381 487 pedunculi
1427 441 1653 477 brevissime

265 521 422 558 aristati.

266 600 307 635 ln
349 599 492 646 campis
533 600 709 636 arenosis
757 601 802 636 ad
844 599 1055 636 Eneinillas
1104 601 1227 644 (prov.
1269 599 1436 643 Burgos)
1486 597 1536 637 18
1568 598 1652 636 Oct.

321 689 353 715 c.
386 678 424 714 fl.
458 683 493 713 et
523 679 589 715 fr.l

154 780 199 816 O.
229 782 457 827 yemim'llora
490 780 586 829 Lag,
630 781 692 828 (cx
724 781 884 828 specim.
924 779 1093 815 authent.
1136 777 1171 813 in
1213 777 1319 814 herb.
1358 778 1461 815 Mus.
1493 779 1654 824 Matrit.)

267 858 312 894 Ο.
347 859 477 894 bissora
512 858 647 896 Desfi?

265 936 387 972 Venta
431 937 477 971 de
518 939 572 973 las
612 938 776 974 infantes
815 938 913 972 inter
946 936 1073 972 Bailen
1106 940 1142 971 et
1171 936 1291 984 Jaen,
1338 935 1363 973 3
1394 936 1485 982 Apr.
1534 948 1566 971 c.
1600 937 1653 985 ss.,

319 1015 345 1054 8
375 1016 466 1061 Maj.
498 1027 529 1051 c.
562 1013 627 1053 sn!

184 1094 295 1130 obs.
358 1094 573 1140 Specimina
621 1106 639 1129 a
687 1106 744 1130 me
792 1095 885 1129 lecta
934 1094 1089 1130 omnino
1131 1093 1362 1130 conveniunt
1402 1104 1486 1128 cum
1528 1093 1654 1138 planta

264 1173 480 1217 Algeriensi
513 1173 664 1208 nomine
698 1175 906 1221 0.bisloroe
932 1173 1035 1208 Desf.
1069 1172 1344 1207 communicata
1381 1183 1398 1206 a
1432 1172 1479 1207 cl.
1511 1172 1655 1218 Munby

264 1248 366 1300 (cxs.
399 1255 496 1286 cent.
534 1252 578 1301 1,
612 1252 658 1287 N.
692 1251 761 1299 65)
807 1258 844 1287 et
890 1253 962 1288 sub
1010 1252 1144 1288 eodem
1195 1250 1347 1286 nomine
1393 1250 1428 1285 in
1478 1250 1653 1286 herbario

266 1328 477 1364 Webbiano
511 1334 548 1365 et
580 1330 824 1366 Cossoniano
864 1342 1018 1377 quoque
1057 1332 1292 1366 asservatur.
1368 1329 1493 1364 Solam
1542 1328 1652 1364 diffe-

265 1407 439 1455 rentiam,
474 1408 509 1442 ni
542 1408 664 1458 fallor,
700 1410 870 1455 praebent
902 1410 1040 1457 petala,
1076 1419 1158 1454 quae
1190 1408 1225 1443 in
1262 1413 1390 1443 nostra
1425 1408 1508 1443 alba
1542 1407 1653 1443 lineis

265 1486 414 1536 roseis,
461 1487 496 1522 in
537 1489 662 1533 planta
703 1488 866 1524 africana
910 1500 996 1523 vero
1031 1487 1170 1534 pallide
1204 1487 1302 1522 lutea
1336 1486 1441 1522 striis
1475 1486 1653 1522 violaceis

265 1569 392 1600 notata
425 1577 514 1601 esse
546 1566 734 1602 videntur.
791 1567 1049 1602 Nihilominus
1083 1566 1197 1601 hasce
1229 1565 1256 1603 2
1286 1566 1427 1601 formas
1461 1566 1506 1600 ad
1542 1577 1652 1601 unam

265 1644 504 1690 eandemque
537 1645 704 1690 speciem
740 1646 930 1692 pertinere
963 1646 1155 1695 suspicor,
1189 1646 1244 1679 vel
1278 1645 1414 1680 saltem
1447 1650 1519 1679 tam
1554 1650 1653 1679 arcte

267 1721 401 1758 affines
436 1734 541 1773 esse,
577 1728 615 1758 ut
647 1725 838 1770 separatio
873 1736 1000 1760 earum
1034 1723 1256 1760 in2tribus
1290 1723 1464 1759 diversos
1498 1729 1655 1770 propter

265 1801 431 1836 colorem
464 1803 677 1847 petaloruni
711 1802 812 1847 (DC.
839 1804 969 1849 prodr.
993 1803 1043 1851 II,
1079 1800 1291 1846 160—61)
1327 1801 1479 1837 minime
1501 1802 1653 1848 probari

265 1878 403 1925 possit.

155 1980 201 2018 Ο.
235 1980 415 2028 laaeiflora
448 1982 552 2019 Dess.

264 2058 307 2094 ln
338 2064 466 2095 monte
500 2060 659 2096 Castelli
691 2072 806 2107 supra
839 2062 973 2097 urbem
1005 2062 1116 2112 Jaen,
1149 2062 1172 2100 5
1204 2063 1295 2109 Maj.
1328 2074 1360 2098 c.
1396 2063 1432 2098 [Γ.
1466 2067 1501 2097 et
1533 2062 1595 2100 fr.!

154 2162 199 2198 0.
225 2136 389 2208 pehduta
419 2161 524 2197 Dess.

265 2239 307 2273 ln
340 2238 436 2275 locis
470 2240 714 2276 subhumidis
747 2241 793 2275 ad
826 2242 859 2276 la
894 2241 1086 2291 Carolina,
1124 2242 1173 2279 10
1202 2243 1292 2288 Maj.
1326 2253 1359 2278 e.
1393 2238 1452 2280 n.!

183 2328 295 2365 obs.
358 2329 488 2365 Planta
521 2334 651 2366 nostra
685 2341 767 2365 cum
802 2331 1078 2376 speciminibus
1111 2332 1392 2378 algeriensibus
1427 2332 1654 2379 O.penduloe

268 2408 370 2443 Desf.
419 2409 465 2443 ad
513 2408 615 2444 Oran
665 2408 771 2445 lectis
819 2410 986 2457 (Munby
1027 2412 1079 2456 pl.
1120 2412 1193 2457 alg.
1236 2423 1317 2447 exs.
1362 2409 1465 2449 1856
1506 2412 1549 2446 Ν.
1584 2410 1651 2454 66)

265 2487 419 2522 omnino
451 2486 640 2535 convenit,
674 2487 742 2522 sed
777 2488 820 2524 O.
854 2490 1039 2525 Scleouwii
1072 2489 1189 2526 Guss.
1224 2491 1268 2525 ab
1302 2491 1369 2525 hac
1403 2491 1505 2525 nullo
1539 2490 1651 2525 modo

267 2564 442 2600 distincta
477 2576 565 2601 esse
597 2565 757 2601 videtur.
835 2566 914 2602 Cel.
958 2566 1137 2603 Gussone
1185 2569 1338 2615 quidem
1387 2566 1497 2617 (Syn.
1532 2569 1580 2614 ll,
1615 2579 1649 2614 p.

265 2641 366 2691 258)
414 2643 499 2679 l'olia
548 2645 674 2690 glabra
724 2656 801 2680 suae
842 2646 977 2691 plantae
1016 2647 1223 2696 adscribit,
1272 2648 1341 2682 sed
1389 2647 1425 2682 in
1473 2647 1651 2683 omnibus

267 2721 557 2771 speciminibus,
591 2733 672 2768 quae
705 2723 926 2771 examinavi,
967 2728 1040 2760 tam
1075 2725 1212 2761 Siculis
1247 2725 1449 2774 (Schouw,
1477 2725 1650 2770 Todaro]

267 2811 378 2846 quam
434 2800 640 2846 hispanicis
696 2806 731 2835 et
788 2803 1042 2838 mauritanicis
1107 2804 1191 2838 folia
1239 2805 1649 2850 glanduloso-pilosa

263 2878 403 2914 iuveni.
