1929 3277
914 131 964 170 13

195 266 388 304 Frullam‘a
420 266 619 303 Tamarisci
649 267 727 311 (L.)
760 266 804 302 N.
831 266 876 302 E.
1283 319 1286 322 Δ

307 346 345 380 1η
379 345 530 380 ericetis
564 345 754 381 montanis
787 346 833 381 ad
867 347 986 396 Lugo,
1019 345 1246 383 villafranca
1272 347 1332 382 del
1354 346 1487 383 Vierzo
1519 348 1686 397 alibique

357 424 392 459 in
426 424 539 471 Hisp.
572 426 676 462 boin!

247 529 274 552 7,
333 518 373 553 y,
405 506 597 552 hispanica
630 504 803 540 Gottscli.
837 504 872 539 ὧ
900 505 1019 550 Ldbg.

303 582 343 618 In
378 583 536 630 rupibus
569 583 768 620 maritimis
801 595 920 631 prope
954 584 984 619 la
1020 582 1168 620 Corufia
1202 583 1272 628 (10
1302 582 1446 630 Aug.)!

825 773 878 814 lV.
934 773 1057 814 Musei.

655 856 831 899 (determ.
865 856 935 891 cel.
971 855 1012 891 C.
1044 855 1216 900 Miiller.]

739 980 774 1016 1.
835 981 1120 1017 Phascaceae.

189 1081 366 1118 Phascum
397 1083 625 1128 cuspidatum
657 1080 815 1117 Schreb.

300 1159 340 1194 In
371 1159 536 1205 juncetis
571 1158 737 1195 humidis
771 1160 815 1194 ad
851 1160 1055 1206 Hispalim.
1089 1162 1217 1207 (Febr.
1252 1173 1282 1196 c.
1315 1161 1399 1205 fr.)!

716 1282 754 1319 2.
820 1284 1133 1321 Fissidenteae.

191 1385 374 1422 Fissidens
405 1386 644 1433 qraudifrons
678 1384 779 1420 Brid.

298 1464 338 1499 In
372 1464 539 1500 fontibus
572 1464 617 1499 ad
651 1475 786 1510 pagum
820 1464 992 1500 Donifios
1027 1464 1201 1500 Galleciae
1232 1465 1315 1501 bor.
1350 1466 1473 1513 (Sept.
1508 1467 1644 1513 stem!

711 1586 748 1625 3.
813 1589 1155 1626 FunarioideOE.

188 1689 351 1726 Funaria
381 1691 646 1736 hyyrometrica
677 1689 757 1735 (L.)
790 1690 924 1725 Hedw.

296 1769 410 1804 Extra
447 1768 636 1815 Hispalim
671 1779 785 1815 supra
818 1769 1083 1814 aquaeductum
1119 1771 1346 1820 Romanum,
1380 1772 1438 1807 los
1473 1771 1597 1809 Cafios
1632 1774 1678 1809 de

352 1848 539 1883 Carmena
574 1848 686 1883 hodie
721 1847 875 1884 dietum.
937 1849 1065 1896 (Febr.
1099 1849 1273 1894 fructiffl!

188 1928 227 1963 F.
260 1939 419 1964 convexa
452 1927 609 1973 Spruce.

299 2007 337 2042 ln
362 2005 527 2052 juncetis
562 2006 727 2041 humidis
761 2017 879 2052 prope
905 2005 1094 2052 Hispalim
1129 2007 1295 2052 (Febr.);
1328 2008 1373 2042 ad
1398 2008 1676 2045 Valdehuertas

353 2089 470 2120 mont.
497 2084 657 2121 Marian.
694 2086 852 2134 (Mart.)
883 2090 919 2121 et
950 2086 984 2121 in
1017 2089 1114 2120 terra
1149 2085 1302 2121 humida
1336 2098 1454 2133 prope
1475 2087 1676 2124 Granatam

353 2164 484 2199 urbem
519 2166 625 2210 (Apr.
660 2164 835 2208 fruetis.)!

750 2288 788 2325 4.
849 2289 1103 2325 Mnioz'deae.

186 2390 434 2435 Polytrichum
465 2389 601 2426 alcides
634 2390 681 2424 H.

297 2469 353 2504 Ad
387 2469 503 2504 latera
538 2469 686 2515 rupium
725 2480 845 2516 prope
877 2469 1003 2504 Ferrol
1038 2468 1212 2504 Galleciae
1252 2470 1375 2515 (Sept.
1408 2481 1439 2505 e.
1473 2471 1516 2505 fr.
1551 2474 1676 2516 mat.)l

188 2548 227 2583 P.
257 2549 443 2595 piliferum
475 2548 633 2583 Schreb.

298 2627 337 2661 ln
380 2626 530 2663 ericetis
575 2626 765 2662 montanis
813 2626 857 2660 ad
900 2627 1024 2675 Lugo,
1074 2626 1300 2663 villafranca
1352 2628 1518 2674 alibique
1565 2629 1675 2675 Hisp.

352 2707 457 2750 bot-,3
491 2706 525 2741 in
561 2706 753 2742 montibus
788 2705 1011 2751 Carpetanis
1046 2705 1103 2740 liic
1134 2705 1242 2741 inde!

186 2784 231 2819 P.
265 2796 443 2821 commune
474 2786 514 2821 L.

302 2864 341 2899 ln
377 2864 568 2900 umbrosis
601 2864 646 2899 ad
681 2875 817 2911 pagum
854 2865 1003 2900 Doncos
1038 2864 1212 2900 Galleciae
1244 2864 1365 2900 orient
1389 2865 1479 2908 (Jul.
1501 2863 1675 2907 fructum
