1929 3277
869 107 919 147 61

152 247 303 293 Scirpus
336 248 492 280 setaceus
524 243 564 279 L.

260 323 362 373 Tuy,
405 322 555 358 Orense
595 322 784 366 (Pourr.)!
827 321 955 371 Lugo,
999 321 1177 368 Santiago
1219 322 1265 357 de
1299 322 1565 372 Composlzela⁷
1614 324 1646 359 el

318 401 441 446 Burgo
462 400 658 446 Galleciae3
692 400 929 445 Santander3
965 400 1156 438 Escorial!
1190 401 1369 437 Valencia
1401 402 1590 448 (Pourr.)!

148 482 187 517 S.
220 481 496 517 Holoschoenus
531 480 568 514 L.
603 493 642 517 α.

259 558 300 594 In
333 562 410 594 tota
438 558 623 604 Hispania
655 557 856 604 frequens!

146 663 173 686 ,7
205 637 246 688 β7
279 636 455 674 australis
488 637 593 672 Koch
627 634 947 687 (Holoschoenus
980 635 1167 671 filiformis
1201 637 1355 681 Rchb.).

257 715 381 761 Prope
413 715 596 762 oppidum
629 716 662 750 la
695 715 799 750 Rena
831 715 1119 750 Extremadurae
1151 715 1400 760 (Schousb.)!

147 820 172 843 ‚7
205 807 244 843 y,
275 806 451 832 romanus
483 794 591 829 Koch
625 793 943 838 (Holoschoenus
976 804 1156 829 romanus
1189 794 1268 840 (L.)
1302 795 1466 840 Rchb.)!

255 872 312 907 Ad
346 872 449 918 ripas
483 872 581 909 Iberi
615 884 733 919 prope
767 883 905 919 pagum
937 872 1148 908 Encinillas
1181 872 1286 916 (Oct.
1319 885 1351 909 c.
1384 874 1467 917 fr.)!

143 951 182 986 S.
215 952 385 988 lacustris
416 952 458 987 L.

253 1029 436 1066 Almeria!

141 1108 180 1144 S.
216 1109 550 1145 Tabernoemontani
582 1107 704 1143 Gmel.

252 1186 292 1221 ln
326 1185 446 1232 pratis
479 1185 595 1221 salsis
629 1185 675 1220 ad
709 1196 848 1232 pagum
882 1185 914 1221 el
949 1185 1075 1230 Burgo
1110 1185 1304 1223 Galleciae!

141 1266 179 1300 S.
210 1276 373 1312 pungens
408 1265 505 1300 Vahl
538 1264 703 1309 (herb.!)
736 1265 875 1300 Enum.
907 1263 934 1301 2
964 1275 1001 1310 p.
1034 1263 1114 1301 255
1148 1265 1203 1308 (S.
1238 1265 1363 1301 Rothii
1399 1267 1563 1313 Hopp.).

250 1343 307 1378 Ad
340 1343 444 1389 ripas
478 1344 516 1378 ss.
549 1343 712 1379 Nervion
746 1354 803 1390 pr.
837 1343 969 1379 Bilbao
1002 1342 1104 1391 (Oct.
1138 1355 1168 1379 c.
1202 1344 1287 1389 sr.)!

139 1421 252 1458 Obs.
300 1421 480 1467 Stigmata
522 1421 665 1457 variant
702 1421 729 1460 2
768 1423 823 1457 vel
855 1421 894 1459 3.
938 1422 996 1466 (ln
1038 1422 1223 1458 schedula
1265 1423 1429 1459 herbarii
1461 1425 1640 1461 Vahliani

193 1501 239 1536 ad
287 1500 481 1547 specimen
530 1500 716 1546 originale
764 1511 822 1546 pr.
868 1500 1060 1547 Bayonam
1114 1502 1253 1537 lectum
1300 1507 1409 1538 autor
1464 1504 1641 1539 observat

193 1579 400 1629 „stigmata
432 1576 513 1622 3'').

137 1658 177 1694 S.
207 1660 410 1694 maritimus
441 1658 483 1693 L.

249 1736 452 1772 Monistrol
485 1737 673 1781 (Pourr.)!
705 1736 741 1772 in
777 1736 952 1772 Galleciae
984 1737 1182 1773 maritimis
1215 1738 1421 1785 frequens!

138 1817 178 1853 S.
209 1815 399 1852 silvaticus
432 1815 472 1850 L.

250 1893 324 1928 San
357 1893 481 1929 Pedro
515 1894 561 1929 de
597 1893 773 1930 Lousado
802 1894 993 1941 (Pourr.)!

139 1972 351 2009 Eleoclzaris
386 1974 604 2019 Boeothryon
635 1973 794 2021 (Ehrh.)
832 1974 936 2019 Drej.
979 1973 1156 2020 (Scirpus
1199 1975 1430 2021 paucissorus
1464 1975 1635 2021 Lightf.).

249 2052 291 2087 In
325 2051 442 2098 pratis
476 2051 521 2086 ad
556 2063 692 2097 pagum
728 2051 986 2088 Guadarrama
1019 2053 1089 2097 (18
1119 2054 1207 2089 Jun.
1243 2066 1273 2090 c.
1307 2055 1344 2089 ss.
1379 2058 1415 2089 et
1446 2055 1526 2099 fr.)!

135 2129 182 2165 E.
214 2130 437 2166 multicaulia·
470 2130 582 2174 (Sin.)
615 2130 731 2167 Dietr.
766 2132 873 2177 (Lge.
909 2143 990 2168 exs.
1025 2143 1060 2168 n.
1097 2132 1190 2176 101)
1223 2144 1254 2169 c.
1288 2144 1364 2168 var.
1383 2135 1581 2180 vivipara!

249 2209 290 2244 In
329 2208 516 2254 Hispania
558 2209 701 2244 boreali
751 2211 797 2246 ad
838 2211 1073 2260 Santander7
1124 2211 1322 2260 Donffios,
1368 2212 1547 2257 §antiago
1590 2213 1637 2247 de

304 2286 570 2333 Compostela!

137 2364 181 2403 E.
208 2365 390 2414 palustris
423 2366 505 2410 (L.)
537 2366 634 2401 RBr.

249 2442 399 2479 Orense
418 2445 607 2489 (Pourr.)!
624 2445 719 2495 Tuy⁷
740 2445 866 2482 Cobas
887 2446 1082 2492 Galleciae3
1117 2447 1213 2483 Villa
1233 2448 1280 2483 de
1306 2449 1418 2486 Palos
1441 2449 1636 2497 (Vierzo);

302 2522 540 2560 Valladolid!

190 2612 270 2638 var.
299 2602 452 2648 pumila-

247 2678 289 2713 ln
331 2680 526 2716 cacumine
565 2681 706 2718 montis
741 2682 865 2718 Sierra
899 2684 945 2720 de
977 2684 1126 2721 Alfacar
1165 2684 1202 2723 ss.
1244 2685 1400 2722 Granat.
1441 2685 1509 2731 (27
1540 2688 1636 2733 Apr.

302 2769 333 2796 c.
366 2758 440 2804 ss.)!
