1919 3199
845 95 925 146 291

142 244 376 281 Scleranthus
410 243 553 279 Delorti
594 241 709 277 Gren.
751 243 865 284 (teste
898 242 1040 276 Rcuter
1081 242 1130 287 pl.
1171 251 1271 276 vasc.
1308 239 1449 275 Gencv.
1486 251 1521 285 p.
1555 238 1641 286 84),

259 322 296 357 S.
342 323 573 367 polycarpus
623 319 737 356 Gren.
787 323 822 355 et
869 319 988 355 Godr.
1038 319 1074 353 ss.
1124 319 1180 353 Fr.
1216 318 1261 367 1,
1303 316 1404 366 614,
1446 328 1490 352 an
1533 316 1642 353 DQ?

253 399 329 447 (vix
364 400 436 445 L.).

255 479 294 513 ln
337 478 439 522 agris
479 477 577 512 inter
617 480 791 521 segetes:
832 474 1028 521 Escorial7
1073 473 1123 511 46
1154 474 1243 510 Jun.
1286 485 1317 509 c.
1351 473 1418 508 fr.l
1467 472 1643 508 Granada

311 555 362 593 14
395 557 485 601 Apr.
520 566 551 590 c.
585 555 622 590 fl.
657 558 693 589 et
724 554 792 588 sr.!

174 633 285 670 Obs.
345 633 401 669 Ex
435 633 659 668 definitione
692 632 762 669 cel.
795 631 948 667 Reuteri
981 631 1147 677 plantam
1187 641 1206 665 a
1247 641 1305 665 me
1345 630 1479 665 lectam
1520 630 1564 664 ad
1601 627 1643 666 S.

256 713 399 748 Delorti
429 710 557 758 retuli,
591 711 662 745 etsi
696 710 904 756 specimina
938 709 972 744 in
1002 708 1120 744 Gallia
1154 707 1313 744 australi
1345 709 1439 743 lecta
1475 708 1644 743 nondum

257 789 346 825 vidi.
409 788 562 835 Optime
596 788 772 823 distincta
809 793 866 823 cst
907 788 983 823 haec
1025 787 1151 833 planta
1187 791 1315 822 nostra
1350 798 1368 822 a
1404 787 1645 832 praecedente

254 867 372 913 cymis
414 866 627 902 divaricatis
668 866 875 914 laxilloris⁷
918 865 1145 901 internodiis
1187 864 1381 900 distinctis
1423 866 1565 911 [neque
1598 865 1645 899 ob

256 945 497 981 internodios
555 945 796 980 adbreviatos
838 944 873 979 in
916 944 1154 989 glomerulos
1202 940 1442 991 congestis),
1499 942 1647 978 laciniis

259 1023 443 1059 fructibus
477 1022 667 1068 subtriplo
701 1022 929 1072 minoribus,
963 1021 1099 1068 ovatis⁷
1137 1020 1219 1056 basi
1252 1021 1469 1056 rotundatis
1504 1023 1648 1067 (neque

258 1101 499 1148 ellipsoideis
528 1101 610 1136 basi
646 1101 878 1145 angustatis)
917 1099 1169 1135 maturitatem
1195 1110 1330 1134 versus
1358 1096 1649 1136 caducissimis!

259 1179 406 1215 laciniis
440 1178 619 1225 calycinis
654 1179 743 1213 tubo
776 1178 1032 1226 brevioribus,
1075 1178 1243 1225 obtusis⁷
1278 1177 1430 1214 erectis.
1478 1179 1646 1224 S-poly—

256 1269 389 1304 carpus
438 1256 576 1291 Linnaei
624 1256 752 1302 planta
800 1257 913 1292 dubia
960 1257 1110 1291 videtur
1156 1259 1192 1291 et
1244 1267 1288 1290 ex
1338 1255 1514 1301 diagnosi
1563 1256 1648 1291 data

259 1335 412 1371 abunde
445 1334 594 1370 diversa
628 1346 646 1369 a
681 1338 837 1375 nostra:
879 1335 948 1370 sed
989 1335 1100 1370 etiam
1143 1333 1352 1379 descriptio
1387 1333 1648 1368 Candolleana

265 1415 303 1449 S.
323 1413 518 1460 polycarpi
553 1413 652 1448 haud
687 1413 783 1448 bene
820 1424 903 1448 cum
938 1413 1065 1459 planta
1095 1411 1292 1458 hispanica
1325 1411 1512 1446 convenit.
1560 1412 1650 1447 Haec

259 1492 398 1539 igitur,
441 1491 472 1527 si
514 1491 642 1537 opinio
688 1491 734 1526 de
767 1490 966 1526 identitate
999 1491 1173 1536 ejusdem
1208 1501 1291 1525 cum
1327 1490 1363 1525 S.
1398 1490 1541 1525 Delorti
1576 1501 1648 1524 non

261 1570 524 1619 confirmatur,
560 1580 652 1605 nova
686 1569 815 1604 forsan
850 1568 943 1618 erit,
985 1574 1021 1604 et
1053 1573 1129 1604 tum
1163 1569 1202 1604 S.
1235 1570 1356 1615 suyaoe
1386 1567 1482 1603 forte
1514 1569 1650 1614 appel-

262 1649 389 1685 landa.

149 1728 361 1774 Corriyiola
393 1725 633 1773 telephiifolia
665 1726 814 1775 Pourr.,
848 1726 967 1761 forma
995 1728 1176 1772 perennis.

262 1806 403 1841 Fuente
437 1804 654 1839 Castellana
691 1815 745 1849 pr.
766 1804 939 1841 Madridl
975 1804 1011 1838 S.
1041 1803 1157 1838 Pablo
1192 1803 1239 1838 de
1270 1803 1424 1838 Montes
1456 1799 1649 1847 (Pourr.)!

317 1885 350 1919 la
385 1882 575 1931 Carolina,
609 1882 908 1930 Valdehuertas7
943 1882 973 1917 la
995 1881 1166 1927 Albayda
1200 1892 1256 1927 pr.
1278 1880 1478 1926 Cordoba3
1513 1881 1651 1916 Viznar

320 1973 376 2008 pr.
412 1956 612 1998 Granada!

177 2067 198 2091 ,7
230 2043 351 2089 forma
383 2052 517 2076 annua.

264 2118 489 2153 Villat'ranca
533 2118 593 2152 del
636 2117 793 2162 Vierz03
838 2116 1006 2152 Morales
1040 2126 1096 2161 pr.
1131 2113 1372 2159 Valladolidy.
1421 2114 1456 2149 in
1500 2115 1648 2161 stagnis

317 2195 517 2233 exsiccatis
551 2207 605 2242 pr.
640 2195 832 2231 Escorial!

178 2275 289 2311 obs.
353 2275 490 2310 Praeter
522 2274 777 2309 characterem
821 2272 1033 2308 durationis
1068 2271 1243 2318 diversae,
1288 2281 1331 2304 ex
1366 2282 1437 2317 qua
1473 2272 1648 2319 sequitur

261 2353 372 2389 etiam
412 2358 565 2398 tempus
605 2352 767 2387 florendi
808 2351 1000 2387 diversum
1044 2351 1230 2395 (plantam
1271 2360 1434 2384 annuam
1475 2361 1493 2385 a
1533 2351 1647 2385 Junio

260 2431 305 2465 ad
339 2431 480 2466 Julium
514 2431 712 2465 florentem
745 2429 895 2476 inveni‚
937 2430 1026 2464 dum
1061 2430 1188 2474 planta
1231 2428 1412 2474 perennis
1453 2439 1470 2463 a
1515 2440 1647 2464 mense

260 2509 397 2546 Martio
430 2509 476 2544 ad
508 2509 649 2554 Majum
685 2519 808 2554 usque
841 2507 964 2552 floret)
1007 2507 1096 2541 nihil
1137 2506 1233 2553 vidi,
1283 2506 1383 2552 quod
1428 2507 1474 2541 ad
1517 2507 1647 2552 speci-

261 2587 368 2622 ficam
411 2586 696 2623 distinctionem
743 2587 938 2621 suaderet.
1016 2585 1144 2620 Planta
1192 2595 1317 2619 annua
1363 2588 1488 2619 tamen
1536 2586 1646 2630 vulgo

263 2665 440 2701 humilior
472 2669 507 2700 et
539 2664 713 2710 gracilior
745 2669 804 2700 est
836 2675 947 2710 quam
981 2663 1098 2699 forma
1132 2662 1268 2708 typica.

151 2746 190 2782 C.
224 2745 398 2781 littoralis
428 2743 471 2778 L.
505 2743 618 2787 (bene
651 2742 827 2777 distincta
861 2753 879 2776 a
912 2742 1029 2777 forma
1064 2751 1187 2776 annua
1223 2739 1508 2785 praeccdentis).

264 2822 304 2857 ln
341 2820 505 2857 Gallccia
546 2821 632 2857 hinc
664 2821 774 2869 inde,
815 2832 845 2856 v.
877 2832 907 2855 c,
944 2820 1062 2866 Vigo,
1103 2819 1364 2865 Pontevcdra‚
1413 2818 1445 2852 la
1480 2818 1646 2866 Corum,

1387 2894 1441 2926 20*
