<?xml version="1.0" encoding="UTF-8"?>
<!DOCTYPE html PUBLIC "-//W3C//DTD XHTML 1.0 Transitional//EN"
    "http://www.w3.org/TR/xhtml1/DTD/xhtml1-transitional.dtd">
<html xmlns="http://www.w3.org/1999/xhtml" xml:lang="en" lang="en">
 <head>
  <title>
</title>
<meta http-equiv="Content-Type" content="text/html;charset=utf-8" />
  <meta name='ocr-system' content='tesseract 3.04.00' />
  <meta name='ocr-capabilities' content='ocr_page ocr_carea ocr_par ocr_line ocrx_word'/>
</head>
<body>
  <div class='ocr_page' id='page_1' title='image "./pugillusplantaru1860lang_0264.png"; bbox 0 0 1919 3199; ppageno 0'>
   <div class='ocr_carea' id='block_1_1' title="bbox 980 159 1064 198">
    <p class='ocr_par' dir='ltr' id='par_1_1' title="bbox 980 159 1064 198">
     <span class='ocr_line' id='line_1_1' title="bbox 980 159 1064 198; baseline 0 0"><span class='ocrx_word' id='word_1_1' title='bbox 980 159 1064 198; x_wconf 79' lang='lat'>250</span> 
     </span>
    </p>
   </div>
   <div class='ocr_carea' id='block_1_2' title="bbox 256 292 1780 2616">
    <p class='ocr_par' dir='ltr' id='par_1_2' title="bbox 439 292 1775 416">
     <span class='ocr_line' id='line_1_2' title="bbox 439 292 1775 343; baseline 0.001 -13"><span class='ocrx_word' id='word_1_2' title='bbox 439 294 628 340; x_wconf 85' lang='lat' dir='ltr'>Aragonia</span> <span class='ocrx_word' id='word_1_3' title='bbox 662 293 857 343; x_wconf 74' lang='lat' dir='ltr'>(Pourr.)!</span> <span class='ocrx_word' id='word_1_4' title='bbox 900 294 1092 337; x_wconf 87' lang='lat' dir='ltr'>(Formam</span> <span class='ocrx_word' id='word_1_5' title='bbox 1112 293 1273 329; x_wconf 84' lang='lat' dir='ltr'>[loribus</span> <span class='ocrx_word' id='word_1_6' title='bbox 1292 292 1484 329; x_wconf 87' lang='lat' dir='ltr'>coccineis</span> <span class='ocrx_word' id='word_1_7' title='bbox 1516 293 1615 330; x_wconf 86' lang='lat' dir='ltr'>inter</span> <span class='ocrx_word' id='word_1_8' title='bbox 1647 299 1775 342; x_wconf 85' lang='lat' dir='ltr'>typum</span> 
     </span>
     <span class='ocr_line' id='line_1_3' title="bbox 439 371 1461 416; baseline 0.003 -9"><span class='ocrx_word' id='word_1_9' title='bbox 439 372 662 408; x_wconf 84' lang='lat' dir='ltr'>ssavissorum</span> <span class='ocrx_word' id='word_1_10' title='bbox 696 372 822 408; x_wconf 88' lang='lat' dir='ltr'>inveni</span> <span class='ocrx_word' id='word_1_11' title='bbox 854 372 901 408; x_wconf 91' lang='lat' dir='ltr'>ad</span> <span class='ocrx_word' id='word_1_12' title='bbox 936 372 1057 407; x_wconf 86' lang='lat' dir='ltr'>Venta</span> <span class='ocrx_word' id='word_1_13' title='bbox 1091 371 1138 407; x_wconf 89' lang='lat' dir='ltr'>de</span> <span class='ocrx_word' id='word_1_14' title='bbox 1170 371 1227 408; x_wconf 82' lang='lat' dir='ltr'>las</span> <span class='ocrx_word' id='word_1_15' title='bbox 1258 371 1461 416; x_wconf 81' lang='lat' dir='ltr'>infantes)!</span> 
     </span>
    </p>

    <p class='ocr_par' dir='ltr' id='par_1_3' title="bbox 299 449 1780 1661">
     <span class='ocr_line' id='line_1_4' title="bbox 299 449 1780 498; baseline 0.001 -12"><span class='ocrx_word' id='word_1_16' title='bbox 299 450 410 487; x_wconf 87' lang='lat' dir='ltr'>Obs.</span> <span class='ocrx_word' id='word_1_17' title='bbox 455 450 719 496; x_wconf 85' lang='lat' dir='ltr'>Carpellorum</span> <span class='ocrx_word' id='word_1_18' title='bbox 754 449 872 486; x_wconf 70' lang='lat' dir='ltr'>forma</span> <span class='ocrx_word' id='word_1_19' title='bbox 905 455 942 486; x_wconf 90' lang='lat' dir='ltr'>et</span> <span class='ocrx_word' id='word_1_20' title='bbox 973 449 1236 496; x_wconf 81' lang='lat' dir='ltr'>magnitudine</span> <span class='ocrx_word' id='word_1_21' title='bbox 1268 449 1404 486; x_wconf 84' lang='lat' dir='ltr'>eximie</span> <span class='ocrx_word' id='word_1_22' title='bbox 1435 449 1553 485; x_wconf 86' lang='lat' dir='ltr'>variat</span> <span class='ocrx_word' id='word_1_23' title='bbox 1582 450 1659 486; x_wconf 83' lang='lat' dir='ltr'>haec</span> <span class='ocrx_word' id='word_1_24' title='bbox 1687 462 1780 498; x_wconf 87' lang='lat' dir='ltr'>spe-</span> 
     </span>
     <span class='ocr_line' id='line_1_5' title="bbox 381 527 1776 577; baseline 0.001 -13"><span class='ocrx_word' id='word_1_25' title='bbox 381 529 475 577; x_wconf 78' lang='lat' dir='ltr'>cies,</span> <span class='ocrx_word' id='word_1_26' title='bbox 509 529 557 564; x_wconf 88' lang='lat' dir='ltr'>ita</span> <span class='ocrx_word' id='word_1_27' title='bbox 591 533 632 564; x_wconf 90' lang='lat' dir='ltr'>ut</span> <span class='ocrx_word' id='word_1_28' title='bbox 662 528 769 564; x_wconf 85' lang='lat' dir='ltr'>facile</span> <span class='ocrx_word' id='word_1_29' title='bbox 801 528 837 564; x_wconf 91' lang='lat' dir='ltr'>in</span> <span class='ocrx_word' id='word_1_30' title='bbox 871 528 1007 575; x_wconf 93' lang='lat' dir='ltr'>quovis</span> <span class='ocrx_word' id='word_1_31' title='bbox 1039 527 1236 564; x_wconf 88' lang='lat' dir='ltr'>individuo</span> <span class='ocrx_word' id='word_1_32' title='bbox 1269 527 1495 563; x_wconf 74' lang='lat' dir='ltr'>differentiae</span> <span class='ocrx_word' id='word_1_33' title='bbox 1516 529 1711 574; x_wconf 84' lang='lat' dir='ltr'>graviores</span> <span class='ocrx_word' id='word_1_34' title='bbox 1744 542 1776 565; x_wconf 93' lang='lat' dir='ltr'>v.</span> 
     </span>
     <span class='ocr_line' id='line_1_6' title="bbox 391 606 1776 654; baseline 0.001 -12"><span class='ocrx_word' id='word_1_35' title='bbox 391 606 554 643; x_wconf 92' lang='lat' dir='ltr'>leviores</span> <span class='ocrx_word' id='word_1_36' title='bbox 600 606 741 643; x_wconf 87' lang='lat' dir='ltr'>adsint.</span> <span class='ocrx_word' id='word_1_37' title='bbox 817 607 859 642; x_wconf 88' lang='lat' dir='ltr'>ln</span> <span class='ocrx_word' id='word_1_38' title='bbox 901 606 986 642; x_wconf 84' lang='lat' dir='ltr'>aliis</span> <span class='ocrx_word' id='word_1_39' title='bbox 1036 606 1313 653; x_wconf 85' lang='lat' dir='ltr'>speciminibus</span> <span class='ocrx_word' id='word_1_40' title='bbox 1354 617 1373 641; x_wconf 87' lang='lat' dir='ltr'>a</span> <span class='ocrx_word' id='word_1_41' title='bbox 1413 617 1473 642; x_wconf 90' lang='lat' dir='ltr'>me</span> <span class='ocrx_word' id='word_1_42' title='bbox 1511 606 1547 642; x_wconf 89' lang='lat' dir='ltr'>in</span> <span class='ocrx_word' id='word_1_43' title='bbox 1590 607 1776 654; x_wconf 81' lang='lat' dir='ltr'>Hispania</span> 
     </span>
     <span class='ocr_line' id='line_1_7' title="bbox 380 684 1774 732; baseline 0.001 -12"><span class='ocrx_word' id='word_1_44' title='bbox 380 685 490 721; x_wconf 93' lang='lat' dir='ltr'>lectis</span> <span class='ocrx_word' id='word_1_45' title='bbox 522 688 623 731; x_wconf 79' lang='lat' dir='ltr'>(quae</span> <span class='ocrx_word' id='word_1_46' title='bbox 655 689 781 720; x_wconf 86' lang='lat' dir='ltr'>tamen</span> <span class='ocrx_word' id='word_1_47' title='bbox 815 696 971 730; x_wconf 82' lang='lat' dir='ltr'><strong>semper</strong></span> <span class='ocrx_word' id='word_1_48' title='bbox 1001 684 1182 730; x_wconf 87' lang='lat' dir='ltr'>carpellis</span> <span class='ocrx_word' id='word_1_49' title='bbox 1216 684 1426 731; x_wconf 86' lang='lat' dir='ltr'>majoribus</span> <span class='ocrx_word' id='word_1_50' title='bbox 1459 685 1629 730; x_wconf 81' lang='lat' dir='ltr'>gaudent</span> <span class='ocrx_word' id='word_1_51' title='bbox 1661 697 1774 732; x_wconf 88' lang='lat' dir='ltr'>quam</span> 
     </span>
     <span class='ocr_line' id='line_1_8' title="bbox 380 760 1777 812; baseline 0.001 -14"><span class='ocrx_word' id='word_1_52' title='bbox 380 763 589 810; x_wconf 83' lang='lat' dir='ltr'>specimina</span> <span class='ocrx_word' id='word_1_53' title='bbox 631 760 890 812; x_wconf 80' lang='lat' dir='ltr'>Algeriensia)</span> <span class='ocrx_word' id='word_1_54' title='bbox 931 774 1061 808; x_wconf 86' lang='lat' dir='ltr'>margo</span> <span class='ocrx_word' id='word_1_55' title='bbox 1102 763 1282 798; x_wconf 85' lang='lat' dir='ltr'>dentatus</span> <span class='ocrx_word' id='word_1_56' title='bbox 1321 762 1417 798; x_wconf 77' lang='lat' dir='ltr'>infra</span> <span class='ocrx_word' id='word_1_57' title='bbox 1457 763 1624 800; x_wconf 86' lang='lat' dir='ltr'>medium</span> <span class='ocrx_word' id='word_1_58' title='bbox 1667 764 1777 800; x_wconf 88' lang='lat' dir='ltr'>valde</span> 
     </span>
     <span class='ocr_line' id='line_1_9' title="bbox 378 840 1772 891; baseline 0.001 -15"><span class='ocrx_word' id='word_1_59' title='bbox 378 841 608 887; x_wconf 80' lang='lat' dir='ltr'>perspicuus</span> <span class='ocrx_word' id='word_1_60' title='bbox 641 846 723 891; x_wconf 75' lang='lat' dir='ltr'>est⁷</span> <span class='ocrx_word' id='word_1_61' title='bbox 762 841 798 876; x_wconf 93' lang='lat' dir='ltr'>in</span> <span class='ocrx_word' id='word_1_62' title='bbox 840 841 924 877; x_wconf 91' lang='lat' dir='ltr'>aliis</span> <span class='ocrx_word' id='word_1_63' title='bbox 965 840 1043 877; x_wconf 73' lang='lat' dir='ltr'>fere</span> <span class='ocrx_word' id='word_1_64' title='bbox 1084 841 1342 877; x_wconf 75' lang='lat' dir='ltr'>oblitteratas.</span> <span class='ocrx_word' id='word_1_65' title='bbox 1414 841 1570 877; x_wconf 87' lang='lat' dir='ltr'>Variant</span> <span class='ocrx_word' id='word_1_66' title='bbox 1609 842 1772 888; x_wconf 81' lang='lat' dir='ltr'>insuper</span> 
     </span>
     <span class='ocr_line' id='line_1_10' title="bbox 377 919 1774 969; baseline 0.001 -15"><span class='ocrx_word' id='word_1_67' title='bbox 377 921 544 965; x_wconf 85' lang='lat' dir='ltr'>carpella</span> <span class='ocrx_word' id='word_1_68' title='bbox 578 919 698 966; x_wconf 86' lang='lat' dir='ltr'>magis</span> <span class='ocrx_word' id='word_1_69' title='bbox 732 919 906 955; x_wconf 87' lang='lat' dir='ltr'>minusve</span> <span class='ocrx_word' id='word_1_70' title='bbox 939 920 1200 969; x_wconf 73' lang='lat' dir='ltr'>tuberculata,</span> <span class='ocrx_word' id='word_1_71' title='bbox 1242 920 1357 955; x_wconf 87' lang='lat' dir='ltr'>dente</span> <span class='ocrx_word' id='word_1_72' title='bbox 1396 920 1553 956; x_wconf 88' lang='lat' dir='ltr'>basilari</span> <span class='ocrx_word' id='word_1_73' title='bbox 1595 920 1774 967; x_wconf 86' lang='lat' dir='ltr'>(dorsali)</span> 
     </span>
     <span class='ocr_line' id='line_1_11' title="bbox 377 994 1776 1048; baseline 0.001 -15"><span class='ocrx_word' id='word_1_74' title='bbox 377 1002 414 1033; x_wconf 86' lang='lat' dir='ltr'>et</span> <span class='ocrx_word' id='word_1_75' title='bbox 446 998 658 1043; x_wconf 85' lang='lat' dir='ltr'>subapicali</span> <span class='ocrx_word' id='word_1_76' title='bbox 691 994 882 1047; x_wconf 85' lang='lat' dir='ltr'>(ventrali)</span> <span class='ocrx_word' id='word_1_77' title='bbox 925 997 1149 1044; x_wconf 89' lang='lat' dir='ltr'>conspicuis</span> <span class='ocrx_word' id='word_1_78' title='bbox 1181 1010 1214 1035; x_wconf 85' lang='lat' dir='ltr'>v.</span> <span class='ocrx_word' id='word_1_79' title='bbox 1248 998 1379 1048; x_wconf 77' lang='lat' dir='ltr'>nullis,</span> <span class='ocrx_word' id='word_1_80' title='bbox 1413 999 1512 1045; x_wconf 80' lang='lat' dir='ltr'>stylo</span> <span class='ocrx_word' id='word_1_81' title='bbox 1547 999 1776 1045; x_wconf 87' lang='lat' dir='ltr'>plerumque</span> 
     </span>
     <span class='ocr_line' id='line_1_12' title="bbox 379 1075 1774 1123; baseline 0.001 -12"><span class='ocrx_word' id='word_1_82' title='bbox 379 1080 482 1111; x_wconf 85' lang='lat' dir='ltr'>recto</span> <span class='ocrx_word' id='word_1_83' title='bbox 516 1076 585 1112; x_wconf 90' lang='lat' dir='ltr'>sed</span> <span class='ocrx_word' id='word_1_84' title='bbox 618 1075 811 1112; x_wconf 86' lang='lat' dir='ltr'>interdum</span> <span class='ocrx_word' id='word_1_85' title='bbox 846 1077 1077 1112; x_wconf 79' lang='lat' dir='ltr'>subcurvato</span> <span class='ocrx_word' id='word_1_86' title='bbox 1111 1080 1180 1111; x_wconf 86' lang='lat' dir='ltr'>etc.</span> <span class='ocrx_word' id='word_1_87' title='bbox 1251 1077 1386 1123; x_wconf 84' lang='lat' dir='ltr'>ltaque</span> <span class='ocrx_word' id='word_1_88' title='bbox 1421 1077 1507 1123; x_wconf 84' lang='lat' dir='ltr'>jure</span> <span class='ocrx_word' id='word_1_89' title='bbox 1540 1078 1684 1123; x_wconf 87' lang='lat' dir='ltr'>optimo</span> <span class='ocrx_word' id='word_1_90' title='bbox 1719 1078 1774 1113; x_wconf 79' lang='lat' dir='ltr'>liae</span> 
     </span>
     <span class='ocr_line' id='line_1_13' title="bbox 377 1153 1775 1201; baseline 0.001 -12"><span class='ocrx_word' id='word_1_91' title='bbox 377 1155 460 1190; x_wconf 84' lang='lat' dir='ltr'>duae</span> <span class='ocrx_word' id='word_1_92' title='bbox 490 1153 641 1201; x_wconf 87' lang='lat' dir='ltr'>species</span> <span class='ocrx_word' id='word_1_93' title='bbox 674 1165 693 1189; x_wconf 87' lang='lat' dir='ltr'>a</span> <span class='ocrx_word' id='word_1_94' title='bbox 725 1155 811 1191; x_wconf 89' lang='lat' dir='ltr'>cell.</span> <span class='ocrx_word' id='word_1_95' title='bbox 847 1154 1000 1190; x_wconf 91' lang='lat' dir='ltr'>Cosson</span> <span class='ocrx_word' id='word_1_96' title='bbox 1035 1158 1072 1190; x_wconf 87' lang='lat' dir='ltr'>et</span> <span class='ocrx_word' id='word_1_97' title='bbox 1088 1155 1194 1190; x_wconf 84' lang='lat' dir='ltr'>Kral.</span> <span class='ocrx_word' id='word_1_98' title='bbox 1229 1156 1252 1192; x_wconf 94' lang='grc' dir='ltr'>Ι.</span> <span class='ocrx_word' id='word_1_99' title='bbox 1285 1167 1317 1192; x_wconf 92' lang='lat' dir='ltr'>c.</span> <span class='ocrx_word' id='word_1_100' title='bbox 1347 1155 1487 1201; x_wconf 83' lang='lat' dir='ltr'>junctae</span> <span class='ocrx_word' id='word_1_101' title='bbox 1519 1166 1609 1191; x_wconf 87' lang='lat' dir='ltr'>esse</span> <span class='ocrx_word' id='word_1_102' title='bbox 1639 1155 1775 1191; x_wconf 89' lang='lat' dir='ltr'>viden-</span> 
     </span>
     <span class='ocr_line' id='line_1_14' title="bbox 375 1232 1775 1280; baseline 0.001 -13"><span class='ocrx_word' id='word_1_103' title='bbox 375 1237 448 1280; x_wconf 70' lang='lat' dir='ltr'>tur,</span> <span class='ocrx_word' id='word_1_104' title='bbox 484 1238 571 1267; x_wconf 89' lang='lat' dir='ltr'>tunc</span> <span class='ocrx_word' id='word_1_105' title='bbox 603 1243 691 1267; x_wconf 86' lang='lat' dir='ltr'>vero</span> <span class='ocrx_word' id='word_1_106' title='bbox 725 1244 863 1268; x_wconf 89' lang='lat' dir='ltr'>nomen</span> <span class='ocrx_word' id='word_1_107' title='bbox 896 1233 938 1270; x_wconf 80' lang='lat' dir='ltr'>A.</span> <span class='ocrx_word' id='word_1_108' title='bbox 971 1236 1124 1270; x_wconf 80' lang='lat' dir='ltr'>dentatae</span> <span class='ocrx_word' id='word_1_109' title='bbox 1149 1234 1234 1269; x_wconf 91' lang='lat' dir='ltr'>Del.</span> <span class='ocrx_word' id='word_1_110' title='bbox 1264 1234 1350 1279; x_wconf 89' lang='lat' dir='ltr'>jure</span> <span class='ocrx_word' id='word_1_111' title='bbox 1382 1232 1592 1279; x_wconf 81' lang='lat' dir='ltr'>prioritatis</span> <span class='ocrx_word' id='word_1_112' title='bbox 1626 1233 1775 1270; x_wconf 84' lang='lat' dir='ltr'>videtur</span> 
     </span>
     <span class='ocr_line' id='line_1_15' title="bbox 376 1311 1771 1357; baseline 0.003 -12"><span class='ocrx_word' id='word_1_113' title='bbox 376 1311 669 1356; x_wconf 63' lang='lat' dir='ltr'>praeferendum.</span> <span class='ocrx_word' id='word_1_114' title='bbox 716 1311 865 1346; x_wconf 85' lang='lat' dir='ltr'>Nomen</span> <span class='ocrx_word' id='word_1_115' title='bbox 893 1313 934 1346; x_wconf 84' lang='lat' dir='ltr'>A.</span> <span class='ocrx_word' id='word_1_116' title='bbox 953 1314 1191 1355; x_wconf 80' lang='lat' dir='ltr'>microcarpae</span> <span class='ocrx_word' id='word_1_117' title='bbox 1208 1311 1369 1357; x_wconf 88' lang='lat' dir='ltr'>insuper</span> <span class='ocrx_word' id='word_1_118' title='bbox 1387 1322 1518 1357; x_wconf 87' lang='lat' dir='ltr'>parum</span> <span class='ocrx_word' id='word_1_119' title='bbox 1537 1311 1771 1349; x_wconf 83' lang='lat' dir='ltr'>conveniens</span> 
     </span>
     <span class='ocr_line' id='line_1_16' title="bbox 374 1389 1773 1438; baseline 0.001 -14"><span class='ocrx_word' id='word_1_120' title='bbox 374 1389 537 1438; x_wconf 76' lang='lat' dir='ltr'>videtur,</span> <span class='ocrx_word' id='word_1_121' title='bbox 571 1393 702 1435; x_wconf 87' lang='lat' dir='ltr'>utpote</span> <span class='ocrx_word' id='word_1_122' title='bbox 722 1390 853 1435; x_wconf 89' lang='lat' dir='ltr'>plures</span> <span class='ocrx_word' id='word_1_123' title='bbox 873 1390 1024 1437; x_wconf 87' lang='lat' dir='ltr'>species</span> <span class='ocrx_word' id='word_1_124' title='bbox 1045 1389 1231 1436; x_wconf 75' lang='lat' dir='ltr'>nuperius</span> <span class='ocrx_word' id='word_1_125' title='bbox 1262 1391 1420 1425; x_wconf 85' lang='lat' dir='ltr'>detectae</span> <span class='ocrx_word' id='word_1_126' title='bbox 1441 1389 1628 1426; x_wconf 81' lang='lat' dir='ltr'>fructibus</span> <span class='ocrx_word' id='word_1_127' title='bbox 1648 1390 1773 1426; x_wconf 89' lang='lat' dir='ltr'>mino-</span> 
     </span>
     <span class='ocr_line' id='line_1_17' title="bbox 374 1467 1771 1516; baseline 0.001 -14"><span class='ocrx_word' id='word_1_128' title='bbox 374 1468 480 1503; x_wconf 87' lang='lat' dir='ltr'>ribus</span> <span class='ocrx_word' id='word_1_129' title='bbox 512 1467 709 1503; x_wconf 81' lang='lat' dir='ltr'>instructae</span> <span class='ocrx_word' id='word_1_130' title='bbox 741 1473 832 1504; x_wconf 89' lang='lat' dir='ltr'>sunt</span> <span class='ocrx_word' id='word_1_131' title='bbox 864 1470 921 1511; x_wconf 88' lang='lat' dir='ltr'>(ut</span> <span class='ocrx_word' id='word_1_132' title='bbox 953 1470 997 1505; x_wconf 83' lang='lat' dir='ltr'>A.</span> <span class='ocrx_word' id='word_1_133' title='bbox 1030 1467 1179 1515; x_wconf 86' lang='lat' dir='ltr'>persica</span> <span class='ocrx_word' id='word_1_134' title='bbox 1220 1467 1401 1516; x_wconf 84' lang='lat' dir='ltr'>Boiss.)⁷</span> <span class='ocrx_word' id='word_1_135' title='bbox 1442 1473 1477 1503; x_wconf 89' lang='lat' dir='ltr'>et</span> <span class='ocrx_word' id='word_1_136' title='bbox 1517 1467 1553 1503; x_wconf 93' lang='lat' dir='ltr'>in</span> <span class='ocrx_word' id='word_1_137' title='bbox 1595 1469 1771 1515; x_wconf 84' lang='lat' dir='ltr'>pluribus</span> 
     </span>
     <span class='ocr_line' id='line_1_18' title="bbox 372 1545 1769 1594; baseline 0.001 -13"><span class='ocrx_word' id='word_1_138' title='bbox 372 1545 578 1581; x_wconf 82' lang='lat' dir='ltr'>individuis</span> <span class='ocrx_word' id='word_1_139' title='bbox 601 1546 642 1582; x_wconf 87' lang='grc' dir='ltr'>Α.</span> <span class='ocrx_word' id='word_1_140' title='bbox 669 1546 831 1582; x_wconf 83' lang='lat' dir='ltr'>dentatae</span> <span class='ocrx_word' id='word_1_141' title='bbox 865 1558 1020 1594; x_wconf 86' lang='lat' dir='ltr'>quoque</span> <span class='ocrx_word' id='word_1_142' title='bbox 1053 1547 1198 1582; x_wconf 78' lang='lat' dir='ltr'>tructus</span> <span class='ocrx_word' id='word_1_143' title='bbox 1230 1546 1276 1582; x_wconf 91' lang='lat' dir='ltr'>iis</span> <span class='ocrx_word' id='word_1_144' title='bbox 1310 1548 1353 1582; x_wconf 83' lang='lat' dir='ltr'>A.</span> <span class='ocrx_word' id='word_1_145' title='bbox 1382 1546 1570 1583; x_wconf 80' lang='lat' dir='ltr'>ssammeae</span> <span class='ocrx_word' id='word_1_146' title='bbox 1602 1547 1769 1593; x_wconf 83' lang='lat' dir='ltr'>majores</span> 
     </span>
     <span class='ocr_line' id='line_1_19' title="bbox 374 1624 512 1661; baseline 0.007 -2"><span class='ocrx_word' id='word_1_147' title='bbox 374 1624 512 1661; x_wconf 89' lang='lat' dir='ltr'>inveni.</span> 
     </span>
    </p>

    <p class='ocr_par' dir='ltr' id='par_1_4' title="bbox 258 1706 1767 2378">
     <span class='ocr_line' id='line_1_20' title="bbox 804 1706 1225 1742; baseline 0.007 -3"><span class='ocrx_word' id='word_1_148' title='bbox 804 1706 843 1740; x_wconf 89' lang='lat'>3.</span> <span class='ocrx_word' id='word_1_149' title='bbox 907 1706 1225 1742; x_wconf 73' lang='lat' dir='ltr'>Ilanunculeoe.</span> 
     </span>
     <span class='ocr_line' id='line_1_21' title="bbox 261 1779 1521 1830; baseline 0.002 -14"><span class='ocrx_word' id='word_1_150' title='bbox 261 1779 546 1824; x_wconf 67' lang='lat' dir='ltr'>Batrachiutn*)</span> <span class='ocrx_word' id='word_1_151' title='bbox 578 1782 794 1819; x_wconf 78' lang='lat' dir='ltr'>sceleratum</span> <span class='ocrx_word' id='word_1_152' title='bbox 827 1783 906 1828; x_wconf 86' lang='lat' dir='ltr'><strong>(L.)</strong></span> <span class='ocrx_word' id='word_1_153' title='bbox 938 1783 1008 1818; x_wconf 80' lang='lat' dir='ltr'>Th.</span> <span class='ocrx_word' id='word_1_154' title='bbox 1045 1784 1100 1820; x_wconf 84' lang='lat' dir='ltr'>Fr.</span> <span class='ocrx_word' id='word_1_155' title='bbox 1134 1783 1265 1830; x_wconf 82' lang='lat' dir='ltr'>(Hisp.</span> <span class='ocrx_word' id='word_1_156' title='bbox 1301 1783 1521 1829; x_wconf 83' lang='lat' dir='ltr'>Sardonia).</span> 
     </span>
     <span class='ocr_line' id='line_1_22' title="bbox 371 1858 1136 1909; baseline 0.005 -14"><span class='ocrx_word' id='word_1_157' title='bbox 371 1860 540 1909; x_wconf 73' lang='lat' dir='ltr'>Madrid7</span> <span class='ocrx_word' id='word_1_158' title='bbox 574 1862 619 1896; x_wconf 85' lang='lat' dir='ltr'>ad</span> <span class='ocrx_word' id='word_1_159' title='bbox 655 1860 759 1906; x_wconf 87' lang='lat' dir='ltr'>ripas</span> <span class='ocrx_word' id='word_1_160' title='bbox 794 1861 829 1895; x_wconf 88' lang='lat' dir='ltr'>[l.</span> <span class='ocrx_word' id='word_1_161' title='bbox 863 1858 1136 1899; x_wconf 83' lang='lat' dir='ltr'>Manzanares!</span> 
     </span>
     <span class='ocr_line' id='line_1_23' title="bbox 260 1913 1765 1989; baseline 0 -15"><span class='ocrx_word' id='word_1_162' title='bbox 260 1939 302 1975; x_wconf 89' lang='lat' dir='ltr'>B.</span> <span class='ocrx_word' id='word_1_163' title='bbox 343 1940 573 1976; x_wconf 76' lang='lat' dir='ltr'>hederaceum</span> <span class='ocrx_word' id='word_1_164' title='bbox 619 1939 713 1985; x_wconf 80' lang='lat' dir='ltr'>(L.)</span> <span class='ocrx_word' id='word_1_165' title='bbox 754 1941 835 1989; x_wconf 80' lang='lat' dir='ltr'>Fr.,</span> <span class='ocrx_word' id='word_1_166' title='bbox 883 1940 1158 1985; x_wconf 83' lang='lat' dir='ltr'>(Ranunculus</span> <span class='ocrx_word' id='word_1_167' title='bbox 1208 1913 1609 1987; x_wconf 74' lang='lat' dir='ltr'>chrysospleniifolius</span> <span class='ocrx_word' id='word_1_168' title='bbox 1657 1940 1765 1976; x_wconf 84' lang='lat' dir='ltr'>herb.</span> 
     </span>
     <span class='ocr_line' id='line_1_24' title="bbox 342 1994 587 2062; baseline 0.016 -11"><span class='ocrx_word' id='word_1_169' title='bbox 342 2013 513 2062; x_wconf 75' lang='lat' dir='ltr'>Pourr.)!</span> <span class='ocrx_word' id='word_1_170' title='bbox 577 1994 587 1998; x_wconf 42' lang='grc'><em>“</em></span> 
     </span>
     <span class='ocr_line' id='line_1_25' title="bbox 372 2095 1767 2145; baseline 0.002 -15"><span class='ocrx_word' id='word_1_171' title='bbox 372 2096 629 2145; x_wconf 76' lang='lat' dir='ltr'>Portugalete,</span> <span class='ocrx_word' id='word_1_172' title='bbox 663 2095 818 2143; x_wconf 86' lang='lat' dir='ltr'>Bilbao;</span> <span class='ocrx_word' id='word_1_173' title='bbox 851 2097 886 2132; x_wconf 90' lang='lat' dir='ltr'>in</span> <span class='ocrx_word' id='word_1_174' title='bbox 921 2101 996 2132; x_wconf 85' lang='lat' dir='ltr'>tota</span> <span class='ocrx_word' id='word_1_175' title='bbox 1018 2096 1184 2133; x_wconf 81' lang='lat' dir='ltr'>Gallecia</span> <span class='ocrx_word' id='word_1_176' title='bbox 1207 2096 1411 2142; x_wconf 79' lang='lat' dir='ltr'>frequens3</span> <span class='ocrx_word' id='word_1_177' title='bbox 1451 2096 1680 2133; x_wconf 77' lang='lat' dir='ltr'>villafranca</span> <span class='ocrx_word' id='word_1_178' title='bbox 1705 2099 1767 2134; x_wconf 83' lang='lat' dir='ltr'>dcl</span> 
     </span>
     <span class='ocr_line' id='line_1_26' title="bbox 429 2173 1510 2222; baseline 0.005 -14"><span class='ocrx_word' id='word_1_179' title='bbox 429 2174 579 2222; x_wconf 73' lang='lat' dir='ltr'>Vierzo7</span> <span class='ocrx_word' id='word_1_180' title='bbox 615 2174 892 2220; x_wconf 78' lang='lat' dir='ltr'>Guadarrama‚</span> <span class='ocrx_word' id='word_1_181' title='bbox 924 2175 1100 2211; x_wconf 84' lang='lat' dir='ltr'>Madridl</span> <span class='ocrx_word' id='word_1_182' title='bbox 1133 2175 1280 2211; x_wconf 90' lang='lat' dir='ltr'>Toledo</span> <span class='ocrx_word' id='word_1_183' title='bbox 1313 2173 1510 2222; x_wconf 85' lang='lat' dir='ltr'>(Pourr.)!</span> 
     </span>
     <span class='ocr_line' id='line_1_27' title="bbox 258 2252 1506 2302; baseline 0.001 -15"><span class='ocrx_word' id='word_1_184' title='bbox 258 2253 298 2288; x_wconf 65' lang='lat' dir='ltr'>lt.</span> <span class='ocrx_word' id='word_1_185' title='bbox 332 2265 521 2289; x_wconf 79' lang='lat' dir='ltr'>coenosum</span> <span class='ocrx_word' id='word_1_186' title='bbox 552 2252 728 2302; x_wconf 76' lang='lat' dir='ltr'>(Guss.),</span> <span class='ocrx_word' id='word_1_187' title='bbox 763 2254 1012 2290; x_wconf 85' lang='lat' dir='ltr'>Ranunculus</span> <span class='ocrx_word' id='word_1_188' title='bbox 1047 2253 1304 2289; x_wconf 82' lang='lat' dir='ltr'>Lenormandi</span> <span class='ocrx_word' id='word_1_189' title='bbox 1339 2253 1506 2289; x_wconf 86' lang='lat' dir='ltr'>Schultz.</span> 
     </span>
     <span class='ocr_line' id='line_1_28' title="bbox 368 2331 1564 2378; baseline 0.002 -12"><span class='ocrx_word' id='word_1_190' title='bbox 368 2331 410 2366; x_wconf 89' lang='lat' dir='ltr'>In</span> <span class='ocrx_word' id='word_1_191' title='bbox 446 2331 527 2367; x_wconf 86' lang='lat' dir='ltr'>lacu</span> <span class='ocrx_word' id='word_1_192' title='bbox 560 2331 661 2367; x_wconf 88' lang='lat' dir='ltr'>dicto</span> <span class='ocrx_word' id='word_1_193' title='bbox 696 2333 848 2378; x_wconf 82' lang='lat' dir='ltr'>Laguna</span> <span class='ocrx_word' id='word_1_194' title='bbox 882 2333 929 2368; x_wconf 92' lang='lat' dir='ltr'>de</span> <span class='ocrx_word' id='word_1_195' title='bbox 961 2332 1135 2368; x_wconf 69' lang='lat' dir='ltr'>Donifios</span> <span class='ocrx_word' id='word_1_196' title='bbox 1170 2331 1346 2367; x_wconf 84' lang='lat' dir='ltr'>Galleciae</span> <span class='ocrx_word' id='word_1_197' title='bbox 1378 2332 1564 2369; x_wconf 82' lang='lat' dir='ltr'>borealis!</span> 
     </span>
    </p>

    <p class='ocr_par' dir='ltr' id='par_1_5' title="bbox 258 2408 1436 2537">
     <span class='ocr_line' id='line_1_29' title="bbox 258 2408 1276 2456; baseline 0.001 -12"><span class='ocrx_word' id='word_1_198' title='bbox 258 2409 302 2444; x_wconf 90' lang='lat' dir='ltr'>B.</span> <span class='ocrx_word' id='word_1_199' title='bbox 334 2408 549 2446; x_wconf 72' lang='lat' dir='ltr'>holoteucon</span> <span class='ocrx_word' id='word_1_200' title='bbox 582 2409 855 2456; x_wconf 80' lang='lat' dir='ltr'>[Ranunculos</span> <span class='ocrx_word' id='word_1_201' title='bbox 889 2410 1086 2446; x_wconf 89' lang='lat' dir='ltr'>ololeucos</span> <span class='ocrx_word' id='word_1_202' title='bbox 1120 2410 1276 2456; x_wconf 79' lang='lat' dir='ltr'>Ltoyd).</span> 
     </span>
     <span class='ocr_line' id='line_1_30' title="bbox 368 2484 1436 2537; baseline 0.004 -16"><span class='ocrx_word' id='word_1_203' title='bbox 368 2486 411 2521; x_wconf 91' lang='lat' dir='ltr'>ln</span> <span class='ocrx_word' id='word_1_204' title='bbox 445 2487 652 2532; x_wconf 88' lang='lat' dir='ltr'>paludibus</span> <span class='ocrx_word' id='word_1_205' title='bbox 684 2489 731 2524; x_wconf 89' lang='lat' dir='ltr'>ad</span> <span class='ocrx_word' id='word_1_206' title='bbox 767 2489 870 2535; x_wconf 83' lang='lat' dir='ltr'>Lugo</span> <span class='ocrx_word' id='word_1_207' title='bbox 903 2487 1094 2537; x_wconf 69' lang='lat' dir='ltr'>Galleciae7</span> <span class='ocrx_word' id='word_1_208' title='bbox 1126 2487 1180 2526; x_wconf 73' lang='lat'>27</span> <span class='ocrx_word' id='word_1_209' title='bbox 1210 2488 1287 2525; x_wconf 91' lang='lat' dir='ltr'>Jul.</span> <span class='ocrx_word' id='word_1_210' title='bbox 1320 2499 1352 2524; x_wconf 90' lang='lat' dir='ltr'>c.</span> <span class='ocrx_word' id='word_1_211' title='bbox 1378 2484 1436 2525; x_wconf 84' lang='lat' dir='ltr'>fl.!</span> 
     </span>
    </p>

    <p class='ocr_par' dir='ltr' id='par_1_6' title="bbox 256 2563 1761 2616">
     <span class='ocr_line' id='line_1_31' title="bbox 256 2563 1761 2616; baseline 0.001 -16"><span class='ocrx_word' id='word_1_212' title='bbox 256 2566 297 2600; x_wconf 64' lang='grc' dir='ltr'>ΙΙ.</span> <span class='ocrx_word' id='word_1_213' title='bbox 318 2567 508 2613; x_wconf 80' lang='lat' dir='ltr'>confusum</span> <span class='ocrx_word' id='word_1_214' title='bbox 539 2565 677 2613; x_wconf 85' lang='lat' dir='ltr'>(Gren.</span> <span class='ocrx_word' id='word_1_215' title='bbox 697 2563 732 2603; x_wconf 68' lang='lat' dir='ltr'>Sc</span> <span class='ocrx_word' id='word_1_216' title='bbox 752 2566 889 2610; x_wconf 89' lang='lat' dir='ltr'>Godr.)</span> <span class='ocrx_word' id='word_1_217' title='bbox 923 2566 1093 2616; x_wconf 70' lang='lat' dir='ltr'>Schultz,</span> <span class='ocrx_word' id='word_1_218' title='bbox 1127 2567 1245 2602; x_wconf 87' lang='lat' dir='ltr'>forma</span> <span class='ocrx_word' id='word_1_219' title='bbox 1278 2565 1324 2601; x_wconf 86' lang='lat' dir='ltr'>ad</span> <span class='ocrx_word' id='word_1_220' title='bbox 1359 2566 1523 2612; x_wconf 85' lang='lat' dir='ltr'>praeced.</span> <span class='ocrx_word' id='word_1_221' title='bbox 1555 2567 1761 2603; x_wconf 84' lang='lat' dir='ltr'>accedens.</span> 
     </span>
    </p>
   </div>
   <div class='ocr_carea' id='block_1_3' title="bbox 368 2642 1761 2692">
    <p class='ocr_par' dir='ltr' id='par_1_7' title="bbox 368 2642 1761 2692">
     <span class='ocr_line' id='line_1_32' title="bbox 368 2642 1761 2692; baseline 0.004 -15"><span class='ocrx_word' id='word_1_222' title='bbox 368 2642 410 2677; x_wconf 92' lang='lat' dir='ltr'>In</span> <span class='ocrx_word' id='word_1_223' title='bbox 443 2642 574 2678; x_wconf 91' lang='lat' dir='ltr'>rivulis</span> <span class='ocrx_word' id='word_1_224' title='bbox 605 2643 652 2678; x_wconf 88' lang='lat' dir='ltr'>ad</span> <span class='ocrx_word' id='word_1_225' title='bbox 686 2655 825 2690; x_wconf 85' lang='lat' dir='ltr'>pagum</span> <span class='ocrx_word' id='word_1_226' title='bbox 859 2643 1142 2690; x_wconf 76' lang='lat' dir='ltr'>Guadarrama3</span> <span class='ocrx_word' id='word_1_227' title='bbox 1184 2645 1221 2681; x_wconf 91' lang='lat' dir='ltr'>in</span> <span class='ocrx_word' id='word_1_228' title='bbox 1253 2644 1366 2681; x_wconf 87' lang='lat' dir='ltr'>fluvio</span> <span class='ocrx_word' id='word_1_229' title='bbox 1397 2645 1502 2682; x_wconf 70' lang='lat' dir='ltr'>Mino</span> <span class='ocrx_word' id='word_1_230' title='bbox 1544 2656 1602 2692; x_wconf 89' lang='lat' dir='ltr'>pr.</span> <span class='ocrx_word' id='word_1_231' title='bbox 1634 2645 1761 2691; x_wconf 83' lang='lat' dir='ltr'>Lugo!</span> 
     </span>
    </p>
   </div>
   <div class='ocr_carea' id='block_1_4' title="bbox 297 2819 1761 2908">
    <p class='ocr_par' dir='ltr' id='par_1_8' title="bbox 297 2819 1761 2908">
     <span class='ocr_line' id='line_1_33' title="bbox 297 2819 1761 2863; baseline 0 -11"><span class='ocrx_word' id='word_1_232' title='bbox 297 2819 323 2860; x_wconf 76' lang='lat'>⁴)</span> <span class='ocrx_word' id='word_1_233' title='bbox 350 2821 485 2861; x_wconf 85' lang='lat' dir='ltr'>Species</span> <span class='ocrx_word' id='word_1_234' title='bbox 517 2821 649 2861; x_wconf 79' lang='lat' dir='ltr'>generis</span> <span class='ocrx_word' id='word_1_235' title='bbox 682 2820 846 2853; x_wconf 82' lang='lat' dir='ltr'>Batrachii</span> <span class='ocrx_word' id='word_1_236' title='bbox 880 2830 1001 2861; x_wconf 76' lang='lat' dir='ltr'>magna</span> <span class='ocrx_word' id='word_1_237' title='bbox 1033 2830 1071 2854; x_wconf 86' lang='lat' dir='ltr'>ex</span> <span class='ocrx_word' id='word_1_238' title='bbox 1109 2825 1201 2863; x_wconf 86' lang='lat' dir='ltr'>parte</span> <span class='ocrx_word' id='word_1_239' title='bbox 1242 2821 1403 2854; x_wconf 85' lang='lat' dir='ltr'>benevolo</span> <span class='ocrx_word' id='word_1_240' title='bbox 1428 2821 1666 2854; x_wconf 83' lang='lat' dir='ltr'>determinavit</span> <span class='ocrx_word' id='word_1_241' title='bbox 1699 2821 1761 2853; x_wconf 88' lang='lat' dir='ltr'>cel.</span> 
     </span>
     <span class='ocr_line' id='line_1_34' title="bbox 344 2875 508 2908; baseline 0 -2"><span class='ocrx_word' id='word_1_242' title='bbox 344 2875 380 2907; x_wconf 85' lang='lat' dir='ltr'>E.</span> <span class='ocrx_word' id='word_1_243' title='bbox 406 2876 508 2908; x_wconf 83' lang='lat' dir='ltr'>Frics.</span> 
     </span>
    </p>
   </div>
  </div>
 </body>
</html>
