1919 3199
999 160 1081 199 232

284 296 504 341 Bupleuram
535 297 781 331 tenuissimum
814 296 853 331 L.

398 373 439 406 ln
472 372 618 417 eampis
651 372 765 408 siccis
800 373 891 408 mari
927 373 1110 419 proximis
1144 373 1190 407 ad
1226 374 1467 418 Portugalete
1500 377 1535 409 et
1575 373 1792 408 Santander

453 449 679 498 Cantabriae,
714 449 798 486 Oct.
832 462 864 486 c.
897 451 961 490 sr.!

286 531 330 565 B.
364 530 547 566 Columnoe
579 527 729 565 Gussx?

398 607 522 643 Adest
551 605 588 641 in
622 607 731 642 herb.
758 606 1019 655 Agardhiano,
1052 617 1072 641 a
1106 605 1273 642 Cabrera
1306 606 1378 642 sub
1412 605 1565 643 nomine
1598 608 1637 643 Β.
1654 608 1795 652 virgati

457 687 560 722 Brot.
595 685 757 721 missum
791 685 1003 734 specimen,
1037 696 1055 719 a
1088 685 1130 719 B.
1151 684 1379 720 tenuissimo
1412 684 1524 720 variis
1558 686 1658 719 notis
1684 695 1793 719 rece-

456 764 569 811 dens,
604 764 793 810 praecipue
826 763 935 799 caule
969 763 1163 798 crassiore
1196 763 1399 809 magisque
1432 762 1570 811 rigido⁷
1613 762 1793 798 umbellis

456 841 676 878 axillaribus
711 842 1012 891 subsessilibus‚
1046 842 1093 876 ad
1127 840 1242 877 latera
1279 852 1472 877 ramorum
1504 840 1794 888 approximatis,

456 920 639 955 involucri
675 921 814 967 phyllis
847 920 1050 956 latioribus
1084 924 1120 955 et
1152 920 1408 955 brevioribus.
1456 919 1525 956 Ubi
1561 919 1698 954 lectum
1731 918 1794 966 sit,

458 1009 531 1032 non
565 997 773 1034 indicatum
807 1004 863 1034 est
896 998 932 1034 in
967 999 1178 1049 schedula,
1228 998 1297 1033 sed
1330 998 1600 1034 verosimiliter
1630 998 1668 1033 in
1700 998 1794 1033 flora

457 1075 658 1113 Gaditana.

291 1154 522 1190 Foeniculum
553 1154 737 1200 officinule
769 1154 841 1191 All.
876 1155 1010 1201 (Hisp.
1043 1154 1219 1200 Hinojo).

400 1233 428 1266 A
464 1231 631 1267 Gallecia
664 1231 753 1267 inde
786 1243 854 1278 per
887 1236 1002 1268 totam
1038 1232 1265 1279 Hispaniam
1299 1234 1503 1279 frequens!

290 1311 329 1345 F.
360 1313 556 1357 piperiturn
588 1310 681 1345 Ten.

397 1388 440 1423 In
473 1388 566 1422 flora
599 1387 785 1423 Gaditana
820 1388 960 1436 (Cabr.
991 1388 1025 1423 in
1061 1388 1396 1435 herb.Agardh.)l

287 1466 397 1502 Seseli
427 1473 637 1502 montanum
672 1466 748 1501 DC.

404 1544 552 1592 Bilbao,
588 1545 713 1580 Sierra
746 1545 919 1592 Engafia⁷
953 1544 1188 1581 Encinillas!

332 1650 350 1670 „
397 1623 436 1673 β,
468 1634 605 1659 nanum
639 1623 861 1669 Soy.-Will.
896 1623 1015 1669 (Gaya
1051 1623 1251 1670 pyrenaica
1287 1623 1444 1667 Gaud.).

401 1701 526 1736 Sierra
560 1702 714 1736 Nevada
748 1713 803 1747 pr.
836 1702 1005 1748 Dornajo
1039 1702 1104 1750 (P.
1138 1703 1199 1737 del
1234 1699 1445 1750 Campol),
1499 1701 1623 1737 Sierra
1656 1702 1798 1748 Tejeda

455 1780 599 1823 (H'ans.
631 1780 667 1815 in
702 1780 809 1816 herb.
843 1781 1051 1826 Agardh.)!

289 1860 328 1894 S.
364 1863 567 1894 tortuosum
600 1859 638 1894 L.
673 1872 721 1905 γ,
753 1870 910 1904 graecum
942 1858 1020 1893 DC.
1056 1858 1114 1905 (S.
1151 1858 1313 1893 littorale
1349 1858 1477 1896 Willk.
1512 1859 1610 1896 Sert.
1654 1870 1689 1905 p.
1732 1859 1797 1908 60,

404 1937 495 1981 Pug.
530 1948 565 1982 p.
604 1934 712 1983 138).

407 2015 463 2050 Ad
498 2014 620 2050 littora
656 2025 819 2050 arenosa
854 2014 998 2050 Oceani
1032 2025 1151 2060 prope
1186 2013 1313 2050 Cobas
1355 2018 1391 2049 et
1428 2014 1664 2050 Pontevedra
1708 2014 1800 2050 Gal-

462 2093 582 2131 lecioe!

325 2172 434 2209 Obs.
470 2171 684 2218 Specimina
718 2183 737 2206 a
770 2183 829 2207 me
863 2172 956 2207 lecta
990 2171 1240 2218 descriptioni
1278 2171 1687 2207 Willkommianael.c.
1708 2172 1803 2208 datae

408 2251 551 2297 optime
584 2250 813 2285 conveniunt
845 2254 882 2285 et
914 2261 933 2285 a
961 2250 1080 2285 forma
1123 2249 1243 2295 typica
1288 2251 1327 2287 S.
1362 2250 1525 2285 tortuosi
1558 2252 1657 2297 (quae
1690 2250 1802 2286 etiam

408 2329 444 2364 in
464 2328 651 2375 Hispania
678 2328 774 2363 lecta
802 2330 914 2364 adest
938 2328 974 2363 in
1003 2328 1110 2363 herb.
1132 2328 1361 2376 Schoush.!)
1394 2329 1551 2375 quidem
1568 2328 1681 2364 variis
1702 2328 1803 2364 notis

410 2411 447 2441 et
479 2406 667 2452 praecipue
701 2407 832 2442 habitu
866 2407 1017 2442 diverso
1051 2407 1250 2442 recedunt.
1315 2407 1390 2443 Sed
1424 2406 1634 2453 specimina
1668 2417 1802 2455 graeca,

412 2496 493 2532 quae
534 2485 749 2531 comparavi
777 2484 937 2533 (Heldr.
978 2486 1085 2521 herb.
1127 2496 1238 2531 graec.
1273 2497 1394 2522 norm.
1438 2484 1558 2533 1856,
1606 2485 1671 2521 Nr.
1705 2483 1826 2531 582),

413 2564 563 2610 aliaque
605 2564 650 2599 ad
693 2564 867 2610 Spalatro
901 2565 995 2599 lecta
1029 2564 1155 2608 (herb.
1187 2565 1223 2599 J.
1258 2564 1370 2609 Vahl)
1404 2563 1547 2599 nostris
1580 2563 1804 2609 specimini-

412 2643 483 2678 bus
516 2642 564 2676 ita
597 2642 734 2677 similia
767 2647 871 2690 sunt⁷
905 2647 944 2678 ut
975 2642 1130 2678 omnino
1163 2643 1209 2677 ad
1242 2653 1354 2677 unam
1382 2643 1621 2688 eandemque
1647 2641 1804 2677 formam

414 2720 603 2766 pertinere
636 2720 849 2756 videantur.
896 2721 954 2756 Ad
988 2720 1202 2766 diagnosim
1224 2720 1527 2756 Candolleanum
1560 2720 1804 2755 solummodo

415 2797 660 2834 addendum:
706 2799 790 2833 folia
832 2809 933 2844 saepc
966 2798 1283 2848 bipinnatisecta‚
1317 2798 1529 2843 segmentis
1563 2797 1738 2844 ellipticis
1771 2810 1804 2834 v.

417 2876 842 2912 obovato-lanceolatis.
876 2876 997 2912 acutis
1029 2888 1062 2911 v.
1097 2875 1376 2912 obtusiusculis
1408 2875 1657 2912 mucronatis.
