<?xml version="1.0" encoding="UTF-8"?>
<!DOCTYPE html PUBLIC "-//W3C//DTD XHTML 1.0 Transitional//EN"
    "http://www.w3.org/TR/xhtml1/DTD/xhtml1-transitional.dtd">
<html xmlns="http://www.w3.org/1999/xhtml" xml:lang="en" lang="en">
 <head>
  <title>
</title>
<meta http-equiv="Content-Type" content="text/html;charset=utf-8" />
  <meta name='ocr-system' content='tesseract 3.04.00' />
  <meta name='ocr-capabilities' content='ocr_page ocr_carea ocr_par ocr_line ocrx_word'/>
</head>
<body>
  <div class='ocr_page' id='page_1' title='image "./pugillusplantaru1860lang_0261.png"; bbox 0 0 1919 3199; ppageno 0'>
   <div class='ocr_carea' id='block_1_1' title="bbox 823 134 905 173">
    <p class='ocr_par' dir='ltr' id='par_1_1' title="bbox 823 134 905 173">
     <span class='ocr_line' id='line_1_1' title="bbox 823 134 905 173; baseline 0 0"><span class='ocrx_word' id='word_1_1' title='bbox 823 134 905 173; x_wconf 77' lang='lat'><strong>247</strong></span> 
     </span>
    </p>
   </div>
   <div class='ocr_carea' id='block_1_2' title="bbox 111 266 1613 1566">
    <p class='ocr_par' dir='ltr' id='par_1_2' title="bbox 111 266 1226 393">
     <span class='ocr_line' id='line_1_2' title="bbox 111 266 1156 319; baseline -0.003 -10"><span class='ocrx_word' id='word_1_2' title='bbox 111 273 318 319; x_wconf 70' lang='lat' dir='ltr'><strong>Saxifraqa</strong></span> <span class='ocrx_word' id='word_1_3' title='bbox 347 269 553 316; x_wconf 78' lang='lat' dir='ltr'><strong>yranulala</strong></span> <span class='ocrx_word' id='word_1_4' title='bbox 585 269 624 305; x_wconf 91' lang='lat' dir='ltr'><strong>L.</strong></span> <span class='ocrx_word' id='word_1_5' title='bbox 658 266 791 317; x_wconf 86' lang='lat' dir='ltr'><strong>(Hisp.</strong></span> <span class='ocrx_word' id='word_1_6' title='bbox 827 268 923 304; x_wconf 83' lang='lat' dir='ltr'>Uvas</span> <span class='ocrx_word' id='word_1_7' title='bbox 957 269 1003 303; x_wconf 87' lang='lat' dir='ltr'><strong>de</strong></span> <span class='ocrx_word' id='word_1_8' title='bbox 1036 273 1156 314; x_wconf 87' lang='lat' dir='ltr'><strong>gato).</strong></span> 
     </span>
     <span class='ocr_line' id='line_1_3' title="bbox 220 345 1226 393; baseline -0.001 -9"><span class='ocrx_word' id='word_1_9' title='bbox 220 345 417 386; x_wconf 88' lang='lat' dir='ltr'><strong>Escorial!</strong></span> <span class='ocrx_word' id='word_1_10' title='bbox 451 348 559 384; x_wconf 85' lang='lat' dir='ltr'><strong>Scala</strong></span> <span class='ocrx_word' id='word_1_11' title='bbox 592 346 676 390; x_wconf 64' lang='lat' dir='ltr'><strong>Dei,</strong></span> <span class='ocrx_word' id='word_1_12' title='bbox 708 345 855 381; x_wconf 85' lang='lat' dir='ltr'><strong>Toledo</strong></span> <span class='ocrx_word' id='word_1_13' title='bbox 887 346 1014 392; x_wconf 84' lang='lat' dir='ltr'><strong>(herb.</strong></span> <span class='ocrx_word' id='word_1_14' title='bbox 1049 347 1226 393; x_wconf 81' lang='lat' dir='ltr'><strong>Pourr.)l</strong></span> 
     </span>
    </p>

    <p class='ocr_par' dir='ltr' id='par_1_3' title="bbox 137 423 1613 707">
     <span class='ocr_line' id='line_1_4' title="bbox 137 423 1613 475; baseline 0.001 -14"><span class='ocrx_word' id='word_1_15' title='bbox 137 453 156 475; x_wconf 88' lang='lat'>„</span> <span class='ocrx_word' id='word_1_16' title='bbox 188 437 282 462; x_wconf 87' lang='lat' dir='ltr'><strong>var.</strong></span> <span class='ocrx_word' id='word_1_17' title='bbox 315 425 493 471; x_wconf 80' lang='lat' dir='ltr'><strong>gracilior</strong></span> <span class='ocrx_word' id='word_1_18' title='bbox 524 429 561 460; x_wconf 82' lang='lat' dir='ltr'><strong>et</strong></span> <span class='ocrx_word' id='word_1_19' title='bbox 591 423 792 472; x_wconf 77' lang='lat' dir='ltr'><strong>humilior,</strong></span> <span class='ocrx_word' id='word_1_20' title='bbox 833 423 933 459; x_wconf 77' lang='lat' dir='ltr'><strong>soliis</strong></span> <span class='ocrx_word' id='word_1_21' title='bbox 967 425 1199 461; x_wconf 88' lang='lat' dir='ltr'><strong>radicalibus</strong></span> <span class='ocrx_word' id='word_1_22' title='bbox 1234 426 1382 475; x_wconf 72' lang='lat' dir='ltr'><strong>parvis⁷</strong></span> <span class='ocrx_word' id='word_1_23' title='bbox 1424 428 1613 473; x_wconf 81' lang='lat' dir='ltr'><strong>palmato-</strong></span> 
     </span>
     <span class='ocr_line' id='line_1_5' title="bbox 221 501 1611 555; baseline 0.002 -16"><span class='ocrx_word' id='word_1_24' title='bbox 221 503 358 539; x_wconf 78' lang='lat' dir='ltr'><strong>lobatis</strong></span> <span class='ocrx_word' id='word_1_25' title='bbox 389 515 422 540; x_wconf 81' lang='lat' dir='ltr'><strong>v,</strong></span> <span class='ocrx_word' id='word_1_26' title='bbox 455 502 613 551; x_wconf 78' lang='lat' dir='ltr'><strong>incisis,</strong></span> <span class='ocrx_word' id='word_1_27' title='bbox 654 501 884 548; x_wconf 85' lang='lat' dir='ltr'>pedunculis</span> <span class='ocrx_word' id='word_1_28' title='bbox 917 502 1174 551; x_wconf 68' lang='lat' dir='ltr'><strong>brevioribus,</strong></span> <span class='ocrx_word' id='word_1_29' title='bbox 1208 504 1346 550; x_wconf 78' lang='lat' dir='ltr'><strong>petalis</strong></span> <span class='ocrx_word' id='word_1_30' title='bbox 1382 505 1611 555; x_wconf 80' lang='lat' dir='ltr'><strong>minoribus,</strong></span> 
     </span>
     <span class='ocr_line' id='line_1_6' title="bbox 219 579 678 627; baseline -0.004 -10"><span class='ocrx_word' id='word_1_31' title='bbox 219 592 321 627; x_wconf 85' lang='lat' dir='ltr'><strong>saepe</strong></span> <span class='ocrx_word' id='word_1_32' title='bbox 353 579 678 617; x_wconf 88' lang='lat' dir='ltr'><strong>roseo-violaceis.</strong></span> 
     </span>
     <span class='ocr_line' id='line_1_7' title="bbox 223 657 1423 707; baseline 0.004 -14"><span class='ocrx_word' id='word_1_33' title='bbox 223 659 313 694; x_wconf 86' lang='lat' dir='ltr'><strong>Silla</strong></span> <span class='ocrx_word' id='word_1_34' title='bbox 349 659 409 694; x_wconf 87' lang='lat' dir='ltr'><strong>del</strong></span> <span class='ocrx_word' id='word_1_35' title='bbox 441 659 551 695; x_wconf 85' lang='lat' dir='ltr'><strong>Moro</strong></span> <span class='ocrx_word' id='word_1_36' title='bbox 585 669 641 704; x_wconf 86' lang='lat' dir='ltr'><strong>pr.</strong></span> <span class='ocrx_word' id='word_1_37' title='bbox 677 657 876 707; x_wconf 79' lang='lat' dir='ltr'><strong>Granada3</strong></span> <span class='ocrx_word' id='word_1_38' title='bbox 910 658 1047 694; x_wconf 84' lang='lat' dir='ltr'><strong>Puerlo</strong></span> <span class='ocrx_word' id='word_1_39' title='bbox 1070 660 1423 707; x_wconf 69' lang='lat' dir='ltr'><strong>de7Navacerrada!</strong></span> 
     </span>
    </p>

    <p class='ocr_par' dir='ltr' id='par_1_4' title="bbox 136 735 1611 1566">
     <span class='ocr_line' id='line_1_8' title="bbox 136 735 1611 777; baseline 0.003 -5"><span class='ocrx_word' id='word_1_40' title='bbox 136 737 247 774; x_wconf 80' lang='lat' dir='ltr'><strong>obs.</strong></span> <span class='ocrx_word' id='word_1_41' title='bbox 295 736 469 773; x_wconf 88' lang='lat' dir='ltr'>Proxime</span> <span class='ocrx_word' id='word_1_42' title='bbox 515 735 662 771; x_wconf 74' lang='lat' dir='ltr'><strong>accedit</strong></span> <span class='ocrx_word' id='word_1_43' title='bbox 703 735 780 771; x_wconf 79' lang='lat' dir='ltr'><strong>haec</strong></span> <span class='ocrx_word' id='word_1_44' title='bbox 819 736 937 772; x_wconf 81' lang='lat' dir='ltr'><strong>forma</strong></span> <span class='ocrx_word' id='word_1_45' title='bbox 979 738 1024 772; x_wconf 87' lang='lat' dir='ltr'><strong>ad</strong></span> <span class='ocrx_word' id='word_1_46' title='bbox 1068 739 1106 774; x_wconf 93' lang='lat' dir='ltr'><strong>S.</strong></span> <span class='ocrx_word' id='word_1_47' title='bbox 1140 741 1369 775; x_wconf 71' lang='lat' dir='ltr'><strong>mundanam</strong></span> <span class='ocrx_word' id='word_1_48' title='bbox 1416 740 1542 777; x_wconf 83' lang='lat' dir='ltr'><strong>Boiss,</strong></span> <span class='ocrx_word' id='word_1_49' title='bbox 1576 738 1611 777; x_wconf 62' lang='lat' dir='ltr'><strong>S:</strong></span> 
     </span>
     <span class='ocr_line' id='line_1_9' title="bbox 218 813 1609 866; baseline 0.003 -16"><span class='ocrx_word' id='word_1_50' title='bbox 218 815 331 850; x_wconf 66' lang='lat' dir='ltr'><strong>Reut.</strong></span> <span class='ocrx_word' id='word_1_51' title='bbox 347 814 560 850; x_wconf 88' lang='lat' dir='ltr'><strong>secundum</strong></span> <span class='ocrx_word' id='word_1_52' title='bbox 583 813 793 860; x_wconf 78' lang='lat' dir='ltr'><strong>specimina</strong></span> <span class='ocrx_word' id='word_1_53' title='bbox 817 814 945 862; x_wconf 75' lang='lat' dir='ltr'><strong>hujus,</strong></span> <span class='ocrx_word' id='word_1_54' title='bbox 965 815 1011 850; x_wconf 86' lang='lat' dir='ltr'><strong>ad</strong></span> <span class='ocrx_word' id='word_1_55' title='bbox 1039 817 1244 862; x_wconf 81' lang='lat' dir='ltr'><strong>Yunquera</strong></span> <span class='ocrx_word' id='word_1_56' title='bbox 1266 817 1375 866; x_wconf 69' lang='lat' dir='ltr'><strong>lecta,</strong></span> <span class='ocrx_word' id='word_1_57' title='bbox 1409 829 1427 852; x_wconf 88' lang='lat' dir='ltr'><strong>a</strong></span> <span class='ocrx_word' id='word_1_58' title='bbox 1461 819 1609 854; x_wconf 86' lang='lat' dir='ltr'><strong>celebb.</strong></span> 
     </span>
     <span class='ocr_line' id='line_1_10' title="bbox 214 892 1607 942; baseline 0.003 -14"><span class='ocrx_word' id='word_1_59' title='bbox 214 892 416 928; x_wconf 79' lang='lat' dir='ltr'><strong>autoribus</strong></span> <span class='ocrx_word' id='word_1_60' title='bbox 436 892 621 928; x_wconf 86' lang='lat' dir='ltr'><strong>benevole</strong></span> <span class='ocrx_word' id='word_1_61' title='bbox 639 892 931 941; x_wconf 67' lang='lat' dir='ltr'><strong>communicata,</strong></span> <span class='ocrx_word' id='word_1_62' title='bbox 965 893 1034 928; x_wconf 85' lang='lat' dir='ltr'><strong>sed</strong></span> <span class='ocrx_word' id='word_1_63' title='bbox 1062 893 1097 928; x_wconf 91' lang='lat' dir='ltr'><strong>in</strong></span> <span class='ocrx_word' id='word_1_64' title='bbox 1132 899 1261 930; x_wconf 79' lang='lat' dir='ltr'><strong>nostra</strong></span> <span class='ocrx_word' id='word_1_65' title='bbox 1297 895 1443 931; x_wconf 86' lang='lat' dir='ltr'><strong>bulbilli</strong></span> <span class='ocrx_word' id='word_1_66' title='bbox 1478 896 1607 942; x_wconf 82' lang='lat' dir='ltr'><strong>plures</strong></span> 
     </span>
     <span class='ocr_line' id='line_1_11' title="bbox 215 969 1608 1021; baseline 0.002 -15"><span class='ocrx_word' id='word_1_67' title='bbox 215 971 251 1006; x_wconf 96' lang='lat' dir='ltr'><strong>in</strong></span> <span class='ocrx_word' id='word_1_68' title='bbox 299 970 423 1006; x_wconf 78' lang='lat' dir='ltr'><strong>axillis</strong></span> <span class='ocrx_word' id='word_1_69' title='bbox 466 969 641 1005; x_wconf 87' lang='lat' dir='ltr'><strong>foliorum</strong></span> <span class='ocrx_word' id='word_1_70' title='bbox 689 970 908 1006; x_wconf 89' lang='lat' dir='ltr'><strong>radicalium</strong></span> <span class='ocrx_word' id='word_1_71' title='bbox 957 971 1121 1021; x_wconf 82' lang='lat' dir='ltr'>adsunt,</span> <span class='ocrx_word' id='word_1_72' title='bbox 1168 977 1204 1008; x_wconf 79' lang='lat' dir='ltr'><strong>et</strong></span> <span class='ocrx_word' id='word_1_73' title='bbox 1250 973 1365 1008; x_wconf 86' lang='lat' dir='ltr'><strong>flores</strong></span> <span class='ocrx_word' id='word_1_74' title='bbox 1407 974 1608 1020; x_wconf 86' lang='lat' dir='ltr'><strong>pedicellis</strong></span> 
     </span>
     <span class='ocr_line' id='line_1_12' title="bbox 213 1047 1607 1097; baseline 0 -12"><span class='ocrx_word' id='word_1_75' title='bbox 213 1050 340 1095; x_wconf 80' lang='lat' dir='ltr'><strong>calyce</strong></span> <span class='ocrx_word' id='word_1_76' title='bbox 373 1048 612 1094; x_wconf 80' lang='lat' dir='ltr'><strong>longioribus</strong></span> <span class='ocrx_word' id='word_1_77' title='bbox 645 1047 830 1096; x_wconf 76' lang='lat' dir='ltr'><strong>insident⁷</strong></span> <span class='ocrx_word' id='word_1_78' title='bbox 865 1060 934 1083; x_wconf 86' lang='lat' dir='ltr'><strong>nec</strong></span> <span class='ocrx_word' id='word_1_79' title='bbox 974 1050 1215 1086; x_wconf 86' lang='lat' dir='ltr'><strong>subsessiles</strong></span> <span class='ocrx_word' id='word_1_80' title='bbox 1248 1052 1469 1097; x_wconf 81' lang='lat' dir='ltr'><strong>appellandi</strong></span> <span class='ocrx_word' id='word_1_81' title='bbox 1503 1057 1607 1087; x_wconf 83' lang='lat' dir='ltr'><strong>sunt.</strong></span> 
     </span>
     <span class='ocr_line' id='line_1_13' title="bbox 212 1125 1606 1176; baseline 0.001 -14"><span class='ocrx_word' id='word_1_82' title='bbox 212 1128 388 1162; x_wconf 73' lang='lat' dir='ltr'><strong>Attamen</strong></span> <span class='ocrx_word' id='word_1_83' title='bbox 407 1126 626 1161; x_wconf 83' lang='lat' dir='ltr'><strong>verosimile</strong></span> <span class='ocrx_word' id='word_1_84' title='bbox 645 1125 734 1161; x_wconf 86' lang='lat' dir='ltr'><strong>mibi</strong></span> <span class='ocrx_word' id='word_1_85' title='bbox 753 1126 915 1176; x_wconf 72' lang='lat' dir='ltr'><strong>videtur,</strong></span> <span class='ocrx_word' id='word_1_86' title='bbox 935 1127 1066 1172; x_wconf 84' lang='lat' dir='ltr'><strong>plures</strong></span> <span class='ocrx_word' id='word_1_87' title='bbox 1086 1138 1118 1164; x_wconf 90' lang='lat' dir='ltr'><strong>s.</strong></span> <span class='ocrx_word' id='word_1_88' title='bbox 1139 1129 1175 1163; x_wconf 93' lang='lat' dir='ltr'><strong>d.</strong></span> <span class='ocrx_word' id='word_1_89' title='bbox 1196 1129 1348 1175; x_wconf 84' lang='lat' dir='ltr'><strong>species</strong></span> <span class='ocrx_word' id='word_1_90' title='bbox 1370 1129 1606 1176; x_wconf 66' lang='lat' dir='ltr'><strong>hispanicas„</strong></span> 
     </span>
     <span class='ocr_line' id='line_1_14' title="bbox 212 1200 1608 1254; baseline 0.003 -14"><span class='ocrx_word' id='word_1_91' title='bbox 212 1217 232 1240; x_wconf 83' lang='lat' dir='ltr'><strong>a</strong></span> <span class='ocrx_word' id='word_1_92' title='bbox 266 1205 462 1241; x_wconf 84' lang='lat' dir='ltr'><strong>Boissiero</strong></span> <span class='ocrx_word' id='word_1_93' title='bbox 495 1200 531 1241; x_wconf 68' lang='grc' dir='ltr'><strong>ἅ,</strong></span> <span class='ocrx_word' id='word_1_94' title='bbox 562 1205 727 1240; x_wconf 83' lang='lat' dir='ltr'><strong>Reutero</strong></span> <span class='ocrx_word' id='word_1_95' title='bbox 761 1204 979 1253; x_wconf 76' lang='lat' dir='ltr'><strong>distinctas,</strong></span> <span class='ocrx_word' id='word_1_96' title='bbox 1012 1206 1058 1240; x_wconf 83' lang='lat' dir='ltr'><strong>ad</strong></span> <span class='ocrx_word' id='word_1_97' title='bbox 1092 1217 1204 1242; x_wconf 89' lang='lat' dir='ltr'><strong>unam</strong></span> <span class='ocrx_word' id='word_1_98' title='bbox 1239 1208 1481 1253; x_wconf 86' lang='lat' dir='ltr'><strong>eandemque</strong></span> <span class='ocrx_word' id='word_1_99' title='bbox 1514 1219 1608 1254; x_wconf 82' lang='lat' dir='ltr'><strong>spe-</strong></span> 
     </span>
     <span class='ocr_line' id='line_1_15' title="bbox 211 1283 1606 1333; baseline 0.001 -14"><span class='ocrx_word' id='word_1_100' title='bbox 211 1284 306 1319; x_wconf 88' lang='lat' dir='ltr'><strong>ciem</strong></span> <span class='ocrx_word' id='word_1_101' title='bbox 342 1283 631 1330; x_wconf 80' lang='lat' dir='ltr'><strong>polymorpham</strong></span> <span class='ocrx_word' id='word_1_102' title='bbox 665 1284 725 1329; x_wconf 87' lang='lat' dir='ltr'><strong>(S.</strong></span> <span class='ocrx_word' id='word_1_103' title='bbox 759 1284 1015 1328; x_wconf 83' lang='lat' dir='ltr'><strong>granulatam)</strong></span> <span class='ocrx_word' id='word_1_104' title='bbox 1050 1284 1258 1333; x_wconf 69' lang='lat' dir='ltr'><strong>pertinere,</strong></span> <span class='ocrx_word' id='word_1_105' title='bbox 1291 1296 1377 1320; x_wconf 89' lang='lat' dir='ltr'><strong>cum</strong></span> <span class='ocrx_word' id='word_1_106' title='bbox 1408 1286 1606 1321; x_wconf 79' lang='lat' dir='ltr'><strong>characte-</strong></span> 
     </span>
     <span class='ocr_line' id='line_1_16' title="bbox 211 1362 1606 1412; baseline 0.003 -15"><span class='ocrx_word' id='word_1_107' title='bbox 211 1373 274 1398; x_wconf 87' lang='lat' dir='ltr'><strong>res</strong></span> <span class='ocrx_word' id='word_1_108' title='bbox 313 1362 436 1397; x_wconf 78' lang='lat' dir='ltr'><strong>allatae</strong></span> <span class='ocrx_word' id='word_1_109' title='bbox 476 1373 608 1408; x_wconf 84' lang='lat' dir='ltr'><strong>parum</strong></span> <span class='ocrx_word' id='word_1_110' title='bbox 650 1366 875 1397; x_wconf 83' lang='lat' dir='ltr'><strong>constantes</strong></span> <span class='ocrx_word' id='word_1_111' title='bbox 917 1366 1021 1397; x_wconf 81' lang='lat' dir='ltr'><strong>sunt.</strong></span> <span class='ocrx_word' id='word_1_112' title='bbox 1097 1362 1149 1397; x_wconf 81' lang='lat' dir='ltr'><strong>lla</strong></span> <span class='ocrx_word' id='word_1_113' title='bbox 1196 1363 1236 1399; x_wconf 89' lang='lat' dir='ltr'><strong>S.</strong></span> <span class='ocrx_word' id='word_1_114' title='bbox 1268 1363 1520 1412; x_wconf 74' lang='lat' dir='ltr'><strong>ycaucescens,</strong></span> <span class='ocrx_word' id='word_1_115' title='bbox 1567 1366 1606 1401; x_wconf 88' lang='lat' dir='ltr'><strong>S.</strong></span> 
     </span>
     <span class='ocr_line' id='line_1_17' title="bbox 211 1439 1604 1489; baseline 0 -13"><span class='ocrx_word' id='word_1_116' title='bbox 211 1441 462 1489; x_wconf 69' lang='lat' dir='ltr'><strong>Cossoru‘ana,</strong></span> <span class='ocrx_word' id='word_1_117' title='bbox 505 1442 543 1477; x_wconf 92' lang='lat' dir='ltr'><strong>S.</strong></span> <span class='ocrx_word' id='word_1_118' title='bbox 574 1439 801 1489; x_wconf 64' lang='lat' dir='ltr'><strong>martulam,</strong></span> <span class='ocrx_word' id='word_1_119' title='bbox 843 1443 882 1476; x_wconf 91' lang='lat' dir='ltr'><strong>S.</strong></span> <span class='ocrx_word' id='word_1_120' title='bbox 919 1445 1131 1488; x_wconf 70' lang='grc' dir='ltr'><strong>οανρείαηα,</strong></span> <span class='ocrx_word' id='word_1_121' title='bbox 1164 1443 1203 1476; x_wconf 89' lang='lat' dir='ltr'><strong>S.</strong></span> <span class='ocrx_word' id='word_1_122' title='bbox 1238 1445 1432 1479; x_wconf 68' lang='lat' dir='ltr'><strong>mundana</strong></span> <span class='ocrx_word' id='word_1_123' title='bbox 1464 1442 1604 1478; x_wconf 79' lang='lat' dir='ltr'><strong>seriem</strong></span> 
     </span>
     <span class='ocr_line' id='line_1_18' title="bbox 209 1518 1605 1566; baseline 0.003 -13"><span class='ocrx_word' id='word_1_124' title='bbox 209 1518 427 1554; x_wconf 82' lang='lat' dir='ltr'><strong>continuam</strong></span> <span class='ocrx_word' id='word_1_125' title='bbox 462 1518 603 1555; x_wconf 79' lang='lat' dir='ltr'><strong>sistere</strong></span> <span class='ocrx_word' id='word_1_126' title='bbox 635 1518 828 1566; x_wconf 81' lang='lat' dir='ltr'><strong>suspicor⁷</strong></span> <span class='ocrx_word' id='word_1_127' title='bbox 861 1519 965 1565; x_wconf 85' lang='lat' dir='ltr'><strong>quod</strong></span> <span class='ocrx_word' id='word_1_128' title='bbox 995 1518 1154 1554; x_wconf 72' lang='lat' dir='ltr'><strong>ulterius</strong></span> <span class='ocrx_word' id='word_1_129' title='bbox 1188 1519 1460 1565; x_wconf 84' lang='lat' dir='ltr'><strong>inquirendum</strong></span> <span class='ocrx_word' id='word_1_130' title='bbox 1493 1521 1605 1557; x_wconf 78' lang='lat' dir='ltr'><strong>bota—</strong></span> 
     </span>
    </p>
   </div>
   <div class='ocr_carea' id='block_1_3' title="bbox 210 1596 918 1643">
    <p class='ocr_par' dir='ltr' id='par_1_5' title="bbox 210 1596 918 1643">
     <span class='ocr_line' id='line_1_19' title="bbox 210 1596 918 1643; baseline 0.001 -12"><span class='ocrx_word' id='word_1_131' title='bbox 210 1596 303 1632; x_wconf 85' lang='lat' dir='ltr'><strong>nicis</strong></span> <span class='ocrx_word' id='word_1_132' title='bbox 337 1596 560 1643; x_wconf 79' lang='lat' dir='ltr'><strong>Hispanicis</strong></span> <span class='ocrx_word' id='word_1_133' title='bbox 593 1597 918 1633; x_wconf 89' lang='lat' dir='ltr'><strong>commendarem.</strong></span> 
     </span>
    </p>
   </div>
   <div class='ocr_carea' id='block_1_4' title="bbox 98 1687 1370 1812">
    <p class='ocr_par' dir='ltr' id='par_1_6' title="bbox 98 1687 1370 1812">
     <span class='ocr_line' id='line_1_20' title="bbox 98 1687 530 1723; baseline -0.002 -1"><span class='ocrx_word' id='word_1_134' title='bbox 98 1688 137 1722; x_wconf 90' lang='lat' dir='ltr'><strong>S.</strong></span> <span class='ocrx_word' id='word_1_135' title='bbox 174 1687 371 1723; x_wconf 77' lang='lat' dir='ltr'><strong>Haenselerz·</strong></span> <span class='ocrx_word' id='word_1_136' title='bbox 404 1687 530 1723; x_wconf 88' lang='lat' dir='ltr'><strong>Boiss.</strong></span> 
     </span>
     <span class='ocr_line' id='line_1_21' title="bbox 207 1764 1370 1812; baseline 0.001 -12"><span class='ocrx_word' id='word_1_137' title='bbox 207 1765 263 1799; x_wconf 88' lang='lat' dir='ltr'><strong>Ad</strong></span> <span class='ocrx_word' id='word_1_138' title='bbox 299 1775 436 1810; x_wconf 84' lang='lat' dir='ltr'><strong>pagum</strong></span> <span class='ocrx_word' id='word_1_139' title='bbox 472 1764 613 1810; x_wconf 81' lang='lat' dir='ltr'><strong>Guejar</strong></span> <span class='ocrx_word' id='word_1_140' title='bbox 646 1764 797 1812; x_wconf 82' lang='lat' dir='ltr'><strong>(Sierra</strong></span> <span class='ocrx_word' id='word_1_141' title='bbox 832 1765 1001 1809; x_wconf 89' lang='lat' dir='ltr'><strong>Nevada)</strong></span> <span class='ocrx_word' id='word_1_142' title='bbox 1039 1764 1088 1802; x_wconf 77' lang='lat'><strong>16</strong></span> <span class='ocrx_word' id='word_1_143' title='bbox 1121 1767 1211 1811; x_wconf 76' lang='lat' dir='ltr'><strong>Apr.</strong></span> <span class='ocrx_word' id='word_1_144' title='bbox 1246 1777 1278 1801; x_wconf 91' lang='lat' dir='ltr'><strong>c.</strong></span> <span class='ocrx_word' id='word_1_145' title='bbox 1315 1767 1370 1803; x_wconf 87' lang='lat' dir='ltr'><strong>ll.!</strong></span> 
     </span>
    </p>
   </div>
   <div class='ocr_carea' id='block_1_5' title="bbox 97 1852 1331 1978">
    <p class='ocr_par' dir='ltr' id='par_1_7' title="bbox 97 1852 1331 1978">
     <span class='ocr_line' id='line_1_22' title="bbox 97 1852 481 1901; baseline 0 -10"><span class='ocrx_word' id='word_1_146' title='bbox 97 1852 138 1891; x_wconf 86' lang='lat' dir='ltr'><strong>S.</strong></span> <span class='ocrx_word' id='word_1_147' title='bbox 171 1856 409 1901; x_wconf 72' lang='lat' dir='ltr'><strong>tridactylites</strong></span> <span class='ocrx_word' id='word_1_148' title='bbox 444 1855 481 1891; x_wconf 69' lang='lat' dir='ltr'><strong>l..</strong></span> 
     </span>
     <span class='ocr_line' id='line_1_23' title="bbox 207 1931 1331 1978; baseline 0.001 -10"><span class='ocrx_word' id='word_1_149' title='bbox 207 1932 374 1969; x_wconf 85' lang='lat' dir='ltr'><strong>Castello</strong></span> <span class='ocrx_word' id='word_1_150' title='bbox 408 1932 455 1967; x_wconf 90' lang='lat' dir='ltr'><strong>de</strong></span> <span class='ocrx_word' id='word_1_151' title='bbox 486 1931 639 1967; x_wconf 90' lang='lat' dir='ltr'><strong>Noceda</strong></span> <span class='ocrx_word' id='word_1_152' title='bbox 674 1936 710 1967; x_wconf 83' lang='lat' dir='ltr'><strong>et</strong></span> <span class='ocrx_word' id='word_1_153' title='bbox 742 1931 943 1968; x_wconf 77' lang='lat' dir='ltr'><strong>Piedralila</strong></span> <span class='ocrx_word' id='word_1_154' title='bbox 979 1932 1179 1978; x_wconf 73' lang='lat' dir='ltr'><strong>Galleciae3</strong></span> <span class='ocrx_word' id='word_1_155' title='bbox 1213 1934 1331 1969; x_wconf 84' lang='lat' dir='ltr'><strong>Jaen!</strong></span> 
     </span>
    </p>
   </div>
   <div class='ocr_carea' id='block_1_6' title="bbox 94 2022 1598 2314">
    <p class='ocr_par' dir='ltr' id='par_1_8' title="bbox 94 2022 1598 2314">
     <span class='ocr_line' id='line_1_24' title="bbox 123 2022 511 2071; baseline -0.008 -12"><span class='ocrx_word' id='word_1_156' title='bbox 123 2047 145 2071; x_wconf 86' lang='lat'>„</span> <span class='ocrx_word' id='word_1_157' title='bbox 176 2022 217 2071; x_wconf 71' lang='grc' dir='ltr'><strong>β7</strong></span> <span class='ocrx_word' id='word_1_158' title='bbox 249 2023 355 2059; x_wconf 73' lang='lat' dir='ltr'><strong>exilis</strong></span> <span class='ocrx_word' id='word_1_159' title='bbox 388 2022 511 2058; x_wconf 86' lang='lat' dir='ltr'><strong>Gaud.</strong></span> 
     </span>
     <span class='ocr_line' id='line_1_25' title="bbox 207 2099 1598 2146; baseline 0.002 -12"><span class='ocrx_word' id='word_1_160' title='bbox 207 2101 246 2135; x_wconf 84' lang='lat' dir='ltr'><strong>in</strong></span> <span class='ocrx_word' id='word_1_161' title='bbox 282 2100 399 2136; x_wconf 79' lang='lat' dir='ltr'><strong>muris</strong></span> <span class='ocrx_word' id='word_1_162' title='bbox 433 2105 469 2135; x_wconf 88' lang='lat' dir='ltr'><strong>ct</strong></span> <span class='ocrx_word' id='word_1_163' title='bbox 499 2100 736 2146; x_wconf 80' lang='lat' dir='ltr'><strong>aquaeduclis</strong></span> <span class='ocrx_word' id='word_1_164' title='bbox 768 2099 862 2135; x_wconf 80' lang='lat' dir='ltr'><strong>infra</strong></span> <span class='ocrx_word' id='word_1_165' title='bbox 897 2111 1020 2136; x_wconf 82' lang='lat' dir='ltr'><strong>arcem</strong></span> <span class='ocrx_word' id='word_1_166' title='bbox 1055 2101 1284 2137; x_wconf 77' lang='lat' dir='ltr'><strong>Alliambral</strong></span> <span class='ocrx_word' id='word_1_167' title='bbox 1328 2103 1517 2137; x_wconf 70' lang='lat' dir='ltr'><strong>Sacc-aven</strong></span> <span class='ocrx_word' id='word_1_168' title='bbox 1562 2104 1598 2137; x_wconf 86' lang='lat' dir='ltr'><strong>ss.</strong></span> 
     </span>
     <span class='ocr_line' id='line_1_26' title="bbox 261 2175 720 2225; baseline 0.004 -11"><span class='ocrx_word' id='word_1_169' title='bbox 261 2178 434 2225; x_wconf 86' lang='lat' dir='ltr'><strong>Olyssip.</strong></span> <span class='ocrx_word' id='word_1_170' title='bbox 468 2175 720 2224; x_wconf 84' lang='lat' dir='ltr'><strong>(Schousb.)!</strong></span> 
     </span>
     <span class='ocr_line' id='line_1_27' title="bbox 94 2263 767 2314; baseline -0.003 -10"><span class='ocrx_word' id='word_1_171' title='bbox 94 2268 132 2304; x_wconf 89' lang='lat' dir='ltr'><strong>S.</strong></span> <span class='ocrx_word' id='word_1_172' title='bbox 163 2270 394 2314; x_wconf 65' lang='lat' dir='ltr'><strong>granatensis</strong></span> <span class='ocrx_word' id='word_1_173' title='bbox 428 2266 556 2304; x_wconf 88' lang='lat' dir='ltr'><strong>Boiss.</strong></span> <span class='ocrx_word' id='word_1_174' title='bbox 589 2263 623 2304; x_wconf 70' lang='lat' dir='ltr'><strong>Sc</strong></span> <span class='ocrx_word' id='word_1_175' title='bbox 655 2268 767 2303; x_wconf 84' lang='lat' dir='ltr'><strong>Reut.</strong></span> 
     </span>
    </p>
   </div>
   <div class='ocr_carea' id='block_1_7' title="bbox 205 2344 1563 2394">
    <p class='ocr_par' dir='ltr' id='par_1_9' title="bbox 205 2344 1563 2394">
     <span class='ocr_line' id='line_1_28' title="bbox 205 2344 1563 2394; baseline 0.004 -14"><span class='ocrx_word' id='word_1_176' title='bbox 205 2345 248 2380; x_wconf 89' lang='lat' dir='ltr'><strong>ln</strong></span> <span class='ocrx_word' id='word_1_177' title='bbox 280 2345 441 2391; x_wconf 83' lang='lat' dir='ltr'><strong>rupibus</strong></span> <span class='ocrx_word' id='word_1_178' title='bbox 473 2344 656 2381; x_wconf 86' lang='lat' dir='ltr'><strong>calcareis</strong></span> <span class='ocrx_word' id='word_1_179' title='bbox 689 2345 873 2381; x_wconf 84' lang='lat' dir='ltr'><strong>montium</strong></span> <span class='ocrx_word' id='word_1_180' title='bbox 906 2345 1031 2382; x_wconf 85' lang='lat' dir='ltr'><strong>Sierra</strong></span> <span class='ocrx_word' id='word_1_181' title='bbox 1066 2346 1112 2381; x_wconf 89' lang='lat' dir='ltr'><strong>dc</strong></span> <span class='ocrx_word' id='word_1_182' title='bbox 1145 2346 1295 2383; x_wconf 81' lang='lat' dir='ltr'><strong>Allacar</strong></span> <span class='ocrx_word' id='word_1_183' title='bbox 1327 2348 1362 2384; x_wconf 91' lang='lat' dir='ltr'><strong>ss.</strong></span> <span class='ocrx_word' id='word_1_184' title='bbox 1397 2350 1563 2394; x_wconf 81' lang='lat' dir='ltr'><strong>granat.!</strong></span> 
     </span>
    </p>
   </div>
   <div class='ocr_carea' id='block_1_8' title="bbox 93 2434 880 2484">
    <p class='ocr_par' dir='ltr' id='par_1_10' title="bbox 93 2434 880 2484">
     <span class='ocr_line' id='line_1_29' title="bbox 93 2434 880 2484; baseline 0.001 -14"><span class='ocrx_word' id='word_1_185' title='bbox 93 2436 132 2470; x_wconf 92' lang='lat' dir='ltr'><strong>S.</strong></span> <span class='ocrx_word' id='word_1_186' title='bbox 164 2437 363 2482; x_wconf 76' lang='lat' dir='ltr'><strong>hypnoz&#39;cles</strong></span> <span class='ocrx_word' id='word_1_187' title='bbox 398 2434 453 2484; x_wconf 85' lang='lat' dir='ltr'><strong>L.,</strong></span> <span class='ocrx_word' id='word_1_188' title='bbox 488 2448 528 2483; x_wconf 73' lang='lat' dir='ltr'><strong>a,</strong></span> <span class='ocrx_word' id='word_1_189' title='bbox 561 2436 770 2482; x_wconf 72' lang='lat' dir='ltr'><strong>yemmisera</strong></span> <span class='ocrx_word' id='word_1_190' title='bbox 802 2434 880 2471; x_wconf 91' lang='lat' dir='ltr'><strong>DC.</strong></span> 
     </span>
    </p>
   </div>
   <div class='ocr_carea' id='block_1_9' title="bbox 206 2512 1596 2560">
    <p class='ocr_par' dir='ltr' id='par_1_11' title="bbox 206 2512 1596 2560">
     <span class='ocr_line' id='line_1_30' title="bbox 206 2512 1596 2560; baseline 0.003 -12"><span class='ocrx_word' id='word_1_191' title='bbox 206 2513 430 2549; x_wconf 82' lang='lat' dir='ltr'><strong>villafranca</strong></span> <span class='ocrx_word' id='word_1_192' title='bbox 464 2513 526 2548; x_wconf 85' lang='lat' dir='ltr'><strong>del</strong></span> <span class='ocrx_word' id='word_1_193' title='bbox 561 2512 715 2558; x_wconf 83' lang='lat' dir='ltr'><strong>Vierzo3</strong></span> <span class='ocrx_word' id='word_1_194' title='bbox 765 2513 882 2549; x_wconf 82' lang='lat' dir='ltr'><strong>Cerro</strong></span> <span class='ocrx_word' id='word_1_195' title='bbox 916 2513 1193 2559; x_wconf 79' lang='lat' dir='ltr'><strong>Cuelgamoros</strong></span> <span class='ocrx_word' id='word_1_196' title='bbox 1241 2526 1357 2560; x_wconf 80' lang='lat' dir='ltr'><strong>supra</strong></span> <span class='ocrx_word' id='word_1_197' title='bbox 1399 2514 1596 2553; x_wconf 81' lang='lat' dir='ltr'><strong>Escorial!</strong></span> 
     </span>
    </p>
   </div>
   <div class='ocr_carea' id='block_1_10' title="bbox 94 2599 1045 2726">
    <p class='ocr_par' dir='ltr' id='par_1_12' title="bbox 94 2599 1045 2726">
     <span class='ocr_line' id='line_1_31' title="bbox 94 2599 1045 2653; baseline 0.001 -17"><span class='ocrx_word' id='word_1_198' title='bbox 94 2602 133 2638; x_wconf 88' lang='lat' dir='ltr'><strong>S.</strong></span> <span class='ocrx_word' id='word_1_199' title='bbox 164 2605 338 2648; x_wconf 76' lang='lat' dir='ltr'><strong>aquatica</strong></span> <span class='ocrx_word' id='word_1_200' title='bbox 372 2603 530 2649; x_wconf 75' lang='lat' dir='ltr'><strong>Lapeyr.</strong></span> <span class='ocrx_word' id='word_1_201' title='bbox 563 2603 620 2646; x_wconf 81' lang='lat' dir='ltr'><strong>(S.</strong></span> <span class='ocrx_word' id='word_1_202' title='bbox 653 2602 900 2639; x_wconf 88' lang='lat' dir='ltr'><strong>adscendens</strong></span> <span class='ocrx_word' id='word_1_203' title='bbox 934 2599 1045 2653; x_wconf 90' lang='lat' dir='ltr'><strong>DC.).</strong></span> 
     </span>
     <span class='ocr_line' id='line_1_32' title="bbox 206 2677 888 2726; baseline 0.003 -12"><span class='ocrx_word' id='word_1_204' title='bbox 206 2679 335 2715; x_wconf 75' lang='lat' dir='ltr'><strong>Vallee</strong></span> <span class='ocrx_word' id='word_1_205' title='bbox 367 2677 513 2726; x_wconf 79' lang='lat' dir='ltr'><strong>d‘Eync</strong></span> <span class='ocrx_word' id='word_1_206' title='bbox 546 2680 672 2725; x_wconf 85' lang='lat' dir='ltr'><strong>(berb.</strong></span> <span class='ocrx_word' id='word_1_207' title='bbox 705 2680 888 2726; x_wconf 55' lang='lat' dir='ltr'><strong>Poura-J).</strong></span> 
     </span>
    </p>
   </div>
   <div class='ocr_carea' id='block_1_11' title="bbox 94 2769 618 2816">
    <p class='ocr_par' dir='ltr' id='par_1_13' title="bbox 94 2769 618 2816">
     <span class='ocr_line' id='line_1_33' title="bbox 94 2769 618 2816; baseline 0.004 -13"><span class='ocrx_word' id='word_1_208' title='bbox 94 2770 132 2804; x_wconf 88' lang='lat' dir='ltr'><strong>S.</strong></span> <span class='ocrx_word' id='word_1_209' title='bbox 162 2769 426 2815; x_wconf 71' lang='lat' dir='ltr'><strong>pencadaclylis</strong></span> <span class='ocrx_word' id='word_1_210' title='bbox 462 2770 618 2816; x_wconf 70' lang='lat' dir='ltr'><strong>Lapcyr.</strong></span> 
     </span>
    </p>
   </div>
   <div class='ocr_carea' id='block_1_12' title="bbox 205 2847 1391 2897">
    <p class='ocr_par' dir='ltr' id='par_1_14' title="bbox 205 2847 1391 2897">
     <span class='ocr_line' id='line_1_34' title="bbox 205 2847 1391 2897; baseline 0.004 -15"><span class='ocrx_word' id='word_1_211' title='bbox 205 2847 322 2882; x_wconf 85' lang='lat' dir='ltr'><strong>Cerro</strong></span> <span class='ocrx_word' id='word_1_212' title='bbox 356 2848 416 2882; x_wconf 88' lang='lat' dir='ltr'><strong>del</strong></span> <span class='ocrx_word' id='word_1_213' title='bbox 450 2848 571 2893; x_wconf 83' lang='lat' dir='ltr'><strong>aguila</strong></span> <span class='ocrx_word' id='word_1_214' title='bbox 606 2858 722 2894; x_wconf 81' lang='lat' dir='ltr'><strong>supra</strong></span> <span class='ocrx_word' id='word_1_215' title='bbox 757 2848 1034 2897; x_wconf 65' lang='lat' dir='ltr'><strong>Navae-errada7</strong></span> <span class='ocrx_word' id='word_1_216' title='bbox 1067 2850 1118 2888; x_wconf 77' lang='lat'><strong>21</strong></span> <span class='ocrx_word' id='word_1_217' title='bbox 1147 2851 1235 2887; x_wconf 83' lang='lat' dir='ltr'><strong>Jun.</strong></span> <span class='ocrx_word' id='word_1_218' title='bbox 1269 2864 1300 2887; x_wconf 67' lang='lat' dir='ltr'><strong>r.</strong></span> <span class='ocrx_word' id='word_1_219' title='bbox 1336 2848 1391 2887; x_wconf 88' lang='lat' dir='ltr'><strong>ll.!</strong></span> 
     </span>
    </p>
   </div>
  </div>
 </body>
</html>
