<?xml version="1.0" encoding="UTF-8"?>
<!DOCTYPE html PUBLIC "-//W3C//DTD XHTML 1.0 Transitional//EN"
    "http://www.w3.org/TR/xhtml1/DTD/xhtml1-transitional.dtd">
<html xmlns="http://www.w3.org/1999/xhtml" xml:lang="en" lang="en">
 <head>
  <title>
</title>
<meta http-equiv="Content-Type" content="text/html;charset=utf-8" />
  <meta name='ocr-system' content='tesseract 3.04.00' />
  <meta name='ocr-capabilities' content='ocr_page ocr_carea ocr_par ocr_line ocrx_word'/>
</head>
<body>
  <div class='ocr_page' id='page_1' title='image "./pugillusplantaru1860lang_0297.png"; bbox 0 0 1919 3199; ppageno 0'>
   <div class='ocr_carea' id='block_1_1' title="bbox 869 101 952 142">
    <p class='ocr_par' dir='ltr' id='par_1_1' title="bbox 869 101 952 142">
     <span class='ocr_line' id='line_1_1' title="bbox 869 101 952 142; baseline 0 -1"><span class='ocrx_word' id='word_1_1' title='bbox 869 101 952 142; x_wconf 82' lang='lat'><strong>283</strong></span> 
     </span>
    </p>
   </div>
   <div class='ocr_carea' id='block_1_2' title="bbox 263 233 1663 599">
    <p class='ocr_par' dir='ltr' id='par_1_2' title="bbox 263 233 1663 599">
     <span class='ocr_line' id='line_1_2' title="bbox 265 233 1663 286; baseline -0.004 -13"><span class='ocrx_word' id='word_1_2' title='bbox 265 237 558 286; x_wconf 77' lang='lat' dir='ltr'><strong>angustissimo⁷</strong></span> <span class='ocrx_word' id='word_1_3' title='bbox 579 236 738 272; x_wconf 85' lang='lat' dir='ltr'><strong>floribus</strong></span> <span class='ocrx_word' id='word_1_4' title='bbox 758 235 987 282; x_wconf 65' lang='lat' dir='ltr'><strong>minoribus,</strong></span> <span class='ocrx_word' id='word_1_5' title='bbox 1017 234 1216 282; x_wconf 84' lang='lat' dir='ltr'><strong>pedicellis</strong></span> <span class='ocrx_word' id='word_1_6' title='bbox 1236 233 1491 279; x_wconf 78' lang='lat' dir='ltr'><strong>brevioribus,</strong></span> <span class='ocrx_word' id='word_1_7' title='bbox 1511 237 1663 268; x_wconf 86' lang='lat' dir='ltr'><strong>erecto-</strong></span> 
     </span>
     <span class='ocr_line' id='line_1_3' title="bbox 263 311 1659 363; baseline -0.005 -11"><span class='ocrx_word' id='word_1_8' title='bbox 263 316 489 363; x_wconf 77' lang='lat' dir='ltr'><strong>adpressis,</strong></span> <span class='ocrx_word' id='word_1_9' title='bbox 531 315 703 361; x_wconf 80' lang='lat' dir='ltr'>capsulis</span> <span class='ocrx_word' id='word_1_10' title='bbox 736 314 975 350; x_wconf 87' lang='lat' dir='ltr'><strong>brevioribus</strong></span> <span class='ocrx_word' id='word_1_11' title='bbox 1010 314 1211 359; x_wconf 82' lang='lat' dir='ltr'>magisque</span> <span class='ocrx_word' id='word_1_12' title='bbox 1245 311 1454 356; x_wconf 78' lang='lat' dir='ltr'><strong>truncatis3</strong></span> <span class='ocrx_word' id='word_1_13' title='bbox 1495 315 1659 346; x_wconf 82' lang='lat' dir='ltr'>attamen</span> 
     </span>
     <span class='ocr_line' id='line_1_4' title="bbox 265 390 1659 440; baseline -0.004 -10"><span class='ocrx_word' id='word_1_14' title='bbox 265 394 444 440; x_wconf 85' lang='lat' dir='ltr'><strong>specifice</strong></span> <span class='ocrx_word' id='word_1_15' title='bbox 493 394 710 429; x_wconf 81' lang='lat' dir='ltr'><strong>distinctam</strong></span> <span class='ocrx_word' id='word_1_16' title='bbox 758 392 813 428; x_wconf 84' lang='lat' dir='ltr'><strong>vix</strong></span> <span class='ocrx_word' id='word_1_17' title='bbox 871 392 1082 428; x_wconf 83' lang='lat' dir='ltr'><strong>crederem.</strong></span> <span class='ocrx_word' id='word_1_18' title='bbox 1161 392 1217 426; x_wconf 89' lang='lat' dir='ltr'><strong>Ex</strong></span> <span class='ocrx_word' id='word_1_19' title='bbox 1272 390 1534 436; x_wconf 73' lang='lat' dir='ltr'><strong>descriptione</strong></span> <span class='ocrx_word' id='word_1_20' title='bbox 1589 390 1659 425; x_wconf 76' lang='lat' dir='ltr'><strong>cei.</strong></span> 
     </span>
     <span class='ocr_line' id='line_1_5' title="bbox 266 469 1662 518; baseline -0.004 -9"><span class='ocrx_word' id='word_1_21' title='bbox 266 472 446 509; x_wconf 78' lang='lat' dir='ltr'><strong>Cutandae</strong></span> <span class='ocrx_word' id='word_1_22' title='bbox 481 473 579 507; x_wconf 79' lang='lat' dir='ltr'><strong>haud</strong></span> <span class='ocrx_word' id='word_1_23' title='bbox 614 471 710 507; x_wconf 85' lang='lat' dir='ltr'><strong>male</strong></span> <span class='ocrx_word' id='word_1_24' title='bbox 743 482 826 506; x_wconf 90' lang='lat' dir='ltr'><strong>cum</strong></span> <span class='ocrx_word' id='word_1_25' title='bbox 862 473 902 506; x_wconf 77' lang='lat' dir='ltr'><strong>R.</strong></span> <span class='ocrx_word' id='word_1_26' title='bbox 940 472 1114 507; x_wconf 79' lang='lat' dir='ltr'><strong>chnezii</strong></span> <span class='ocrx_word' id='word_1_27' title='bbox 1146 481 1214 505; x_wconf 84' lang='lat' dir='ltr'><strong>sua</strong></span> <span class='ocrx_word' id='word_1_28' title='bbox 1247 469 1445 518; x_wconf 75' lang='lat' dir='ltr'><strong>convenit⁷</strong></span> <span class='ocrx_word' id='word_1_29' title='bbox 1481 480 1584 514; x_wconf 64' lang='lat' dir='ltr'><strong>quae,</strong></span> <span class='ocrx_word' id='word_1_30' title='bbox 1619 480 1662 503; x_wconf 86' lang='lat' dir='ltr'><strong>ex</strong></span> 
     </span>
     <span class='ocr_line' id='line_1_6' title="bbox 266 547 1658 599; baseline -0.003 -12"><span class='ocrx_word' id='word_1_31' title='bbox 266 551 476 598; x_wconf 87' lang='lat' dir='ltr'><strong>specimine</strong></span> <span class='ocrx_word' id='word_1_32' title='bbox 516 551 625 586; x_wconf 86' lang='lat' dir='ltr'><strong>unica</strong></span> <span class='ocrx_word' id='word_1_33' title='bbox 666 549 883 599; x_wconf 73' lang='lat' dir='ltr'><strong>descripta,</strong></span> <span class='ocrx_word' id='word_1_34' title='bbox 927 550 973 584; x_wconf 85' lang='lat' dir='ltr'><strong>ad</strong></span> <span class='ocrx_word' id='word_1_35' title='bbox 1009 550 1051 585; x_wconf 84' lang='lat' dir='ltr'><strong>R.</strong></span> <span class='ocrx_word' id='word_1_36' title='bbox 1086 550 1226 584; x_wconf 82' lang='lat' dir='ltr'><strong>luteam</strong></span> <span class='ocrx_word' id='word_1_37' title='bbox 1268 558 1423 594; x_wconf 86' lang='lat' dir='ltr'><strong>quoque</strong></span> <span class='ocrx_word' id='word_1_38' title='bbox 1465 547 1658 593; x_wconf 86' lang='lat' dir='ltr'><strong>pertinere</strong></span> 
     </span>
    </p>
   </div>
   <div class='ocr_carea' id='block_1_3' title="bbox 266 629 427 665">
    <p class='ocr_par' dir='ltr' id='par_1_3' title="bbox 266 629 427 665">
     <span class='ocr_line' id='line_1_7' title="bbox 266 629 427 665; baseline 0.006 -3"><span class='ocrx_word' id='word_1_39' title='bbox 266 629 427 665; x_wconf 91' lang='lat' dir='ltr'><strong>videtur.</strong></span> 
     </span>
    </p>
   </div>
   <div class='ocr_carea' id='block_1_4' title="bbox 155 712 1663 922">
    <p class='ocr_par' dir='ltr' id='par_1_4' title="bbox 155 712 1663 922">
     <span class='ocr_line' id='line_1_8' title="bbox 155 712 1508 766; baseline -0.004 -11"><span class='ocrx_word' id='word_1_40' title='bbox 155 721 289 756; x_wconf 79' lang='lat' dir='ltr'><strong>Beseda</strong></span> <span class='ocrx_word' id='word_1_41' title='bbox 319 712 479 765; x_wconf 67' lang='lat' dir='ltr'><strong>viquzta&#39;</strong></span> <span class='ocrx_word' id='word_1_42' title='bbox 501 718 627 754; x_wconf 90' lang='lat' dir='ltr'><strong>Boiss.</strong></span> <span class='ocrx_word' id='word_1_43' title='bbox 663 722 698 753; x_wconf 92' lang='lat' dir='ltr'><strong>et</strong></span> <span class='ocrx_word' id='word_1_44' title='bbox 730 718 841 753; x_wconf 90' lang='lat' dir='ltr'><strong>Reut.</strong></span> <span class='ocrx_word' id='word_1_45' title='bbox 874 717 935 766; x_wconf 84' lang='lat' dir='ltr'><strong>(R.</strong></span> <span class='ocrx_word' id='word_1_46' title='bbox 969 716 1159 753; x_wconf 78' lang='lat' dir='ltr'><strong>fitiformis</strong></span> <span class='ocrx_word' id='word_1_47' title='bbox 1193 716 1300 751; x_wconf 87' lang='lat' dir='ltr'><strong>herb.</strong></span> <span class='ocrx_word' id='word_1_48' title='bbox 1335 716 1508 757; x_wconf 85' lang='lat' dir='ltr'><strong>Pourr.)!</strong></span> 
     </span>
     <span class='ocr_line' id='line_1_9' title="bbox 265 793 1657 841; baseline -0.004 -8"><span class='ocrx_word' id='word_1_49' title='bbox 265 797 305 832; x_wconf 86' lang='lat' dir='ltr'><strong>ln</strong></span> <span class='ocrx_word' id='word_1_50' title='bbox 341 797 507 833; x_wconf 70' lang='lat' dir='ltr'><strong>Castana</strong></span> <span class='ocrx_word' id='word_1_51' title='bbox 540 801 667 832; x_wconf 88' lang='lat' dir='ltr'><strong>vetere</strong></span> <span class='ocrx_word' id='word_1_52' title='bbox 710 801 746 831; x_wconf 88' lang='lat' dir='ltr'><strong>et</strong></span> <span class='ocrx_word' id='word_1_53' title='bbox 787 796 981 831; x_wconf 86' lang='lat' dir='ltr'><strong>montibus</strong></span> <span class='ocrx_word' id='word_1_54' title='bbox 1017 795 1243 841; x_wconf 81' lang='lat' dir='ltr'><strong>Carpetanis</strong></span> <span class='ocrx_word' id='word_1_55' title='bbox 1284 794 1502 840; x_wconf 70' lang='lat' dir='ltr'><strong>(Escorial7</strong></span> <span class='ocrx_word' id='word_1_56' title='bbox 1553 793 1657 829; x_wconf 80' lang='lat' dir='ltr'><strong>Gua-</strong></span> 
     </span>
     <span class='ocr_line' id='line_1_10' title="bbox 323 872 1663 922; baseline -0.004 -11"><span class='ocrx_word' id='word_1_57' title='bbox 323 877 525 922; x_wconf 71' lang='lat' dir='ltr'><strong>darrama,</strong></span> <span class='ocrx_word' id='word_1_58' title='bbox 589 875 805 920; x_wconf 77' lang='lat' dir='ltr'><strong>Galopagar</strong></span> <span class='ocrx_word' id='word_1_59' title='bbox 866 874 957 919; x_wconf 86' lang='lat' dir='ltr'><strong>etc.)</strong></span> <span class='ocrx_word' id='word_1_60' title='bbox 1027 874 1121 910; x_wconf 78' lang='lat' dir='ltr'><strong>satis</strong></span> <span class='ocrx_word' id='word_1_61' title='bbox 1182 874 1384 920; x_wconf 81' lang='lat' dir='ltr'><strong>frequens!</strong></span> <span class='ocrx_word' id='word_1_62' title='bbox 1475 872 1663 918; x_wconf 82' lang='lat' dir='ltr'><strong>Aranjuez</strong></span> 
     </span>
    </p>
   </div>
   <div class='ocr_carea' id='block_1_5' title="bbox 324 955 513 999">
    <p class='ocr_par' dir='ltr' id='par_1_5' title="bbox 324 955 513 999">
     <span class='ocr_line' id='line_1_11' title="bbox 324 955 513 999; baseline 0.005 -10"><span class='ocrx_word' id='word_1_63' title='bbox 324 955 513 999; x_wconf 84' lang='lat' dir='ltr'><strong>(Pourr.)!</strong></span> 
     </span>
    </p>
   </div>
   <div class='ocr_carea' id='block_1_6' title="bbox 157 1043 1664 1249">
    <p class='ocr_par' dir='ltr' id='par_1_6' title="bbox 157 1043 1664 1249">
     <span class='ocr_line' id='line_1_12' title="bbox 157 1043 838 1090; baseline -0.004 -10"><span class='ocrx_word' id='word_1_64' title='bbox 157 1045 197 1080; x_wconf 78' lang='lat' dir='ltr'><strong>R.</strong></span> <span class='ocrx_word' id='word_1_65' title='bbox 233 1043 386 1080; x_wconf 78' lang='lat' dir='ltr'><strong>Luteota</strong></span> <span class='ocrx_word' id='word_1_66' title='bbox 418 1044 456 1078; x_wconf 87' lang='lat' dir='ltr'><strong>L.</strong></span> <span class='ocrx_word' id='word_1_67' title='bbox 490 1044 622 1090; x_wconf 85' lang='lat' dir='ltr'><strong>(Hisp.</strong></span> <span class='ocrx_word' id='word_1_68' title='bbox 658 1043 838 1085; x_wconf 84' lang='lat' dir='ltr'><strong>Gualda).</strong></span> 
     </span>
     <span class='ocr_line' id='line_1_13' title="bbox 270 1117 1663 1167; baseline -0.004 -10"><span class='ocrx_word' id='word_1_69' title='bbox 270 1123 372 1167; x_wconf 80' lang='lat' dir='ltr'><strong>Lugo</strong></span> <span class='ocrx_word' id='word_1_70' title='bbox 411 1126 447 1157; x_wconf 91' lang='lat' dir='ltr'><strong>et</strong></span> <span class='ocrx_word' id='word_1_71' title='bbox 486 1122 574 1157; x_wconf 85' lang='lat' dir='ltr'><strong>alibi</strong></span> <span class='ocrx_word' id='word_1_72' title='bbox 616 1121 652 1156; x_wconf 90' lang='lat' dir='ltr'><strong>in</strong></span> <span class='ocrx_word' id='word_1_73' title='bbox 696 1121 886 1167; x_wconf 73' lang='lat' dir='ltr'><strong>Gattecia3</strong></span> <span class='ocrx_word' id='word_1_74' title='bbox 942 1121 1207 1167; x_wconf 66' lang='lat' dir='ltr'><strong>Portugalete,</strong></span> <span class='ocrx_word' id='word_1_75' title='bbox 1258 1118 1496 1166; x_wconf 76' lang='lat' dir='ltr'><strong>Santander,</strong></span> <span class='ocrx_word' id='word_1_76' title='bbox 1546 1117 1663 1152; x_wconf 90' lang='lat' dir='ltr'><strong>Enci-</strong></span> 
     </span>
     <span class='ocr_line' id='line_1_14' title="bbox 324 1195 1664 1249; baseline -0.004 -14"><span class='ocrx_word' id='word_1_77' title='bbox 324 1200 453 1249; x_wconf 75' lang='lat' dir='ltr'><strong>niltas,</strong></span> <span class='ocrx_word' id='word_1_78' title='bbox 486 1200 661 1246; x_wconf 77' lang='lat' dir='ltr'><strong>Burgos3</strong></span> <span class='ocrx_word' id='word_1_79' title='bbox 695 1196 886 1236; x_wconf 82' lang='lat' dir='ltr'><strong>Escorial!</strong></span> <span class='ocrx_word' id='word_1_80' title='bbox 922 1201 959 1235; x_wconf 89' lang='lat' dir='ltr'><strong>S.</strong></span> <span class='ocrx_word' id='word_1_81' title='bbox 987 1200 1104 1235; x_wconf 82' lang='lat' dir='ltr'><strong>Pablo</strong></span> <span class='ocrx_word' id='word_1_82' title='bbox 1138 1200 1185 1234; x_wconf 90' lang='lat' dir='ltr'><strong>de</strong></span> <span class='ocrx_word' id='word_1_83' title='bbox 1217 1199 1371 1234; x_wconf 80' lang='lat' dir='ltr'><strong>Montes</strong></span> <span class='ocrx_word' id='word_1_84' title='bbox 1400 1196 1597 1244; x_wconf 82' lang='lat' dir='ltr'><strong>(Pourr.J!</strong></span> <span class='ocrx_word' id='word_1_85' title='bbox 1633 1195 1664 1230; x_wconf 82' lang='lat' dir='ltr'><strong>la</strong></span> 
     </span>
    </p>
   </div>
   <div class='ocr_carea' id='block_1_7' title="bbox 326 1277 670 1325">
    <p class='ocr_par' dir='ltr' id='par_1_7' title="bbox 326 1277 670 1325">
     <span class='ocr_line' id='line_1_15' title="bbox 326 1277 670 1325; baseline 0.006 -13"><span class='ocrx_word' id='word_1_86' title='bbox 326 1277 520 1325; x_wconf 75' lang='lat' dir='ltr'><strong>Carolina,</strong></span> <span class='ocrx_word' id='word_1_87' title='bbox 553 1279 670 1314; x_wconf 81' lang='lat' dir='ltr'><strong>Jaen!</strong></span> 
     </span>
    </p>
   </div>
   <div class='ocr_carea' id='block_1_8' title="bbox 184 1368 1664 1492">
    <p class='ocr_par' dir='ltr' id='par_1_8' title="bbox 184 1368 1664 1492">
     <span class='ocr_line' id='line_1_16' title="bbox 184 1368 613 1419; baseline 0.002 -14"><span class='ocrx_word' id='word_1_88' title='bbox 184 1397 204 1418; x_wconf 51' lang='grc' dir='ltr'>ᾖ</span> <span class='ocrx_word' id='word_1_89' title='bbox 235 1370 274 1419; x_wconf 70' lang='grc' dir='ltr'><strong>β,</strong></span> <span class='ocrx_word' id='word_1_90' title='bbox 308 1371 472 1415; x_wconf 84' lang='lat' dir='ltr'><strong>crispata</strong></span> <span class='ocrx_word' id='word_1_91' title='bbox 506 1368 613 1406; x_wconf 85' lang='lat' dir='ltr'><strong>Link.</strong></span> 
     </span>
     <span class='ocr_line' id='line_1_17' title="bbox 271 1443 1664 1492; baseline -0.005 -9"><span class='ocrx_word' id='word_1_92' title='bbox 271 1448 388 1483; x_wconf 83' lang='lat' dir='ltr'><strong>Cerro</strong></span> <span class='ocrx_word' id='word_1_93' title='bbox 429 1458 546 1492; x_wconf 87' lang='lat' dir='ltr'><strong>negro</strong></span> <span class='ocrx_word' id='word_1_94' title='bbox 591 1448 626 1482; x_wconf 87' lang='lat' dir='ltr'><strong>ss.</strong></span> <span class='ocrx_word' id='word_1_95' title='bbox 660 1447 800 1483; x_wconf 76' lang='lat' dir='ltr'><strong>Matrit.</strong></span> <span class='ocrx_word' id='word_1_96' title='bbox 842 1443 1035 1490; x_wconf 78' lang='lat' dir='ltr'><strong>(Pourr.]!</strong></span> <span class='ocrx_word' id='word_1_97' title='bbox 1075 1446 1110 1480; x_wconf 91' lang='lat' dir='ltr'><strong>in</strong></span> <span class='ocrx_word' id='word_1_98' title='bbox 1153 1444 1348 1480; x_wconf 82' lang='lat' dir='ltr'><strong>montibus</strong></span> <span class='ocrx_word' id='word_1_99' title='bbox 1389 1443 1572 1480; x_wconf 83' lang='lat' dir='ltr'><strong>Marianis</strong></span> <span class='ocrx_word' id='word_1_100' title='bbox 1619 1443 1664 1477; x_wconf 83' lang='lat' dir='ltr'><strong>ad</strong></span> 
     </span>
    </p>
   </div>
   <div class='ocr_carea' id='block_1_9' title="bbox 329 1525 1018 1572">
    <p class='ocr_par' dir='ltr' id='par_1_9' title="bbox 329 1525 1018 1572">
     <span class='ocr_line' id='line_1_18' title="bbox 329 1525 1018 1572; baseline 0 -10"><span class='ocrx_word' id='word_1_101' title='bbox 329 1527 648 1572; x_wconf 72' lang='lat' dir='ltr'><strong>Despefiaperros</strong></span> <span class='ocrx_word' id='word_1_102' title='bbox 682 1531 717 1562; x_wconf 89' lang='lat' dir='ltr'><strong>et</strong></span> <span class='ocrx_word' id='word_1_103' title='bbox 749 1526 782 1561; x_wconf 85' lang='lat' dir='ltr'><strong>la</strong></span> <span class='ocrx_word' id='word_1_104' title='bbox 819 1525 1018 1562; x_wconf 83' lang='lat' dir='ltr'><strong>Carolina!</strong></span> 
     </span>
    </p>
   </div>
   <div class='ocr_carea' id='block_1_10' title="bbox 694 1702 1120 1754">
    <p class='ocr_par' dir='ltr' id='par_1_10' title="bbox 694 1702 1120 1754">
     <span class='ocr_line' id='line_1_19' title="bbox 694 1702 1120 1754; baseline -0.005 -11"><span class='ocrx_word' id='word_1_105' title='bbox 694 1703 778 1743; x_wconf 75' lang='lat' dir='ltr'>Lxl.</span> <span class='ocrx_word' id='word_1_106' title='bbox 841 1702 1120 1754; x_wconf 79' lang='lat' dir='ltr'><strong>Nymphaeaceae.</strong></span> 
     </span>
    </p>
   </div>
   <div class='ocr_carea' id='block_1_11' title="bbox 161 1816 1669 2114">
    <p class='ocr_par' dir='ltr' id='par_1_11' title="bbox 161 1816 1669 2114">
     <span class='ocr_line' id='line_1_20' title="bbox 161 1816 1362 1868; baseline -0.003 -14"><span class='ocrx_word' id='word_1_107' title='bbox 161 1819 365 1865; x_wconf 77' lang='lat' dir='ltr'><strong>Nymphaea</strong></span> <span class='ocrx_word' id='word_1_108' title='bbox 397 1818 482 1855; x_wconf 84' lang='lat' dir='ltr'><em>alba</em></span> <span class='ocrx_word' id='word_1_109' title='bbox 514 1819 554 1854; x_wconf 95' lang='lat' dir='ltr'><strong>L.</strong></span> <span class='ocrx_word' id='word_1_110' title='bbox 590 1818 721 1865; x_wconf 80' lang='lat' dir='ltr'><strong>(Hisp.</strong></span> <span class='ocrx_word' id='word_1_111' title='bbox 757 1818 980 1868; x_wconf 77' lang='lat' dir='ltr'><strong>Cobertera,</strong></span> <span class='ocrx_word' id='word_1_112' title='bbox 1014 1817 1160 1853; x_wconf 84' lang='lat' dir='ltr'><strong>Nimfea</strong></span> <span class='ocrx_word' id='word_1_113' title='bbox 1195 1816 1362 1860; x_wconf 80' lang='lat' dir='ltr'><strong>blanca).</strong></span> 
     </span>
     <span class='ocr_line' id='line_1_21' title="bbox 275 1892 1669 1943; baseline -0.005 -11"><span class='ocrx_word' id='word_1_114' title='bbox 275 1897 315 1932; x_wconf 90' lang='lat' dir='ltr'><strong>ln</strong></span> <span class='ocrx_word' id='word_1_115' title='bbox 349 1897 460 1943; x_wconf 80' lang='lat' dir='ltr'><strong>aquis</strong></span> <span class='ocrx_word' id='word_1_116' title='bbox 494 1897 671 1933; x_wconf 78' lang='lat' dir='ltr'><strong>Galleciae</strong></span> <span class='ocrx_word' id='word_1_117' title='bbox 712 1897 850 1934; x_wconf 83' lang='lat' dir='ltr'><strong>rarior:</strong></span> <span class='ocrx_word' id='word_1_118' title='bbox 897 1896 1049 1932; x_wconf 87' lang='lat' dir='ltr'><strong>Orense</strong></span> <span class='ocrx_word' id='word_1_119' title='bbox 1088 1895 1367 1942; x_wconf 74' lang='lat' dir='ltr'><strong>(Ruiz-Ponsjl</strong></span> <span class='ocrx_word' id='word_1_120' title='bbox 1418 1894 1570 1938; x_wconf 76' lang='lat' dir='ltr'><strong>Laguna</strong></span> <span class='ocrx_word' id='word_1_121' title='bbox 1623 1892 1669 1926; x_wconf 86' lang='lat' dir='ltr'><strong>de</strong></span> 
     </span>
     <span class='ocr_line' id='line_1_22' title="bbox 330 1975 522 2012; baseline 0.01 -2"><span class='ocrx_word' id='word_1_122' title='bbox 330 1975 522 2012; x_wconf 71' lang='lat' dir='ltr'><strong>Donifios!</strong></span> 
     </span>
     <span class='ocr_line' id='line_1_23' title="bbox 162 2060 1109 2114; baseline -0.003 -13"><span class='ocrx_word' id='word_1_123' title='bbox 162 2067 317 2113; x_wconf 74' lang='lat' dir='ltr'><strong>Nuphar</strong></span> <span class='ocrx_word' id='word_1_124' title='bbox 349 2067 480 2102; x_wconf 78' lang='lat' dir='ltr'><strong>luteum</strong></span> <span class='ocrx_word' id='word_1_125' title='bbox 511 2062 591 2113; x_wconf 74' lang='lat' dir='ltr'>(L.)</span> <span class='ocrx_word' id='word_1_126' title='bbox 625 2066 703 2101; x_wconf 88' lang='lat' dir='ltr'><strong>DC.</strong></span> <span class='ocrx_word' id='word_1_127' title='bbox 737 2063 870 2114; x_wconf 83' lang='lat' dir='ltr'><strong>(Hisp.</strong></span> <span class='ocrx_word' id='word_1_128' title='bbox 906 2060 1109 2110; x_wconf 70' lang='lat' dir='ltr'><strong>Nenufar).</strong></span> 
     </span>
    </p>
   </div>
   <div class='ocr_carea' id='block_1_12' title="bbox 277 2140 1641 2191">
    <p class='ocr_par' dir='ltr' id='par_1_12' title="bbox 277 2140 1641 2191">
     <span class='ocr_line' id='line_1_24' title="bbox 277 2140 1641 2191; baseline -0.001 -13"><span class='ocrx_word' id='word_1_129' title='bbox 277 2144 316 2179; x_wconf 82' lang='lat' dir='ltr'><strong>ln</strong></span> <span class='ocrx_word' id='word_1_130' title='bbox 352 2144 506 2180; x_wconf 81' lang='lat' dir='ltr'><strong>flumine</strong></span> <span class='ocrx_word' id='word_1_131' title='bbox 539 2145 723 2191; x_wconf 85' lang='lat' dir='ltr'><strong>Pisuerga</strong></span> <span class='ocrx_word' id='word_1_132' title='bbox 758 2155 814 2189; x_wconf 88' lang='lat' dir='ltr'><strong>pr.</strong></span> <span class='ocrx_word' id='word_1_133' title='bbox 845 2143 1060 2179; x_wconf 79' lang='lat' dir='ltr'><strong>Vanadolid</strong></span> <span class='ocrx_word' id='word_1_134' title='bbox 1095 2148 1131 2178; x_wconf 88' lang='lat' dir='ltr'><strong>et</strong></span> <span class='ocrx_word' id='word_1_135' title='bbox 1162 2142 1250 2177; x_wconf 79' lang='lat' dir='ltr'><strong>alibi</strong></span> <span class='ocrx_word' id='word_1_136' title='bbox 1283 2141 1319 2176; x_wconf 92' lang='lat' dir='ltr'><strong>in</strong></span> <span class='ocrx_word' id='word_1_137' title='bbox 1355 2140 1514 2176; x_wconf 82' lang='lat' dir='ltr'><strong>Castell.</strong></span> <span class='ocrx_word' id='word_1_138' title='bbox 1548 2140 1641 2176; x_wconf 64' lang='lat' dir='ltr'><strong>vet-l</strong></span> 
     </span>
    </p>
   </div>
   <div class='ocr_carea' id='block_1_13' title="bbox 740 2308 1086 2349">
    <p class='ocr_par' dir='ltr' id='par_1_13' title="bbox 740 2308 1086 2349">
     <span class='ocr_line' id='line_1_25' title="bbox 740 2308 1086 2349; baseline -0.009 0"><span class='ocrx_word' id='word_1_139' title='bbox 740 2309 841 2349; x_wconf 69' lang='lat' dir='ltr'><strong>an.</strong></span> <span class='ocrx_word' id='word_1_140' title='bbox 903 2308 1086 2348; x_wconf 77' lang='lat' dir='ltr'><strong>Gistineae.</strong></span> 
     </span>
    </p>
   </div>
   <div class='ocr_carea' id='block_1_14' title="bbox 278 2432 1671 2795">
    <p class='ocr_par' dir='ltr' id='par_1_14' title="bbox 278 2432 1671 2795">
     <span class='ocr_line' id='line_1_26' title="bbox 278 2432 1671 2482; baseline -0.003 -12"><span class='ocrx_word' id='word_1_141' title='bbox 278 2435 435 2482; x_wconf 85' lang='lat' dir='ltr'><strong>Species</strong></span> <span class='ocrx_word' id='word_1_142' title='bbox 469 2435 582 2481; x_wconf 85' lang='lat' dir='ltr'><strong>hujus</strong></span> <span class='ocrx_word' id='word_1_143' title='bbox 617 2435 763 2471; x_wconf 80' lang='lat' dir='ltr'><strong>ordinis</strong></span> <span class='ocrx_word' id='word_1_144' title='bbox 797 2447 815 2470; x_wconf 81' lang='lat' dir='ltr'>a</span> <span class='ocrx_word' id='word_1_145' title='bbox 850 2446 908 2470; x_wconf 90' lang='lat' dir='ltr'><strong>me</strong></span> <span class='ocrx_word' id='word_1_146' title='bbox 941 2435 1060 2470; x_wconf 82' lang='lat' dir='ltr'><strong>lectas</strong></span> <span class='ocrx_word' id='word_1_147' title='bbox 1094 2433 1152 2468; x_wconf 86' lang='lat' dir='ltr'><strong>hic</strong></span> <span class='ocrx_word' id='word_1_148' title='bbox 1185 2433 1342 2481; x_wconf 70' lang='lat' dir='ltr'><strong>omitto,</strong></span> <span class='ocrx_word' id='word_1_149' title='bbox 1386 2432 1497 2480; x_wconf 66' lang='lat' dir='ltr'><strong>quia,</strong></span> <span class='ocrx_word' id='word_1_150' title='bbox 1541 2433 1671 2467; x_wconf 85' lang='lat' dir='ltr'><strong>deter-</strong></span> 
     </span>
     <span class='ocr_line' id='line_1_27' title="bbox 332 2510 1668 2561; baseline -0.003 -12"><span class='ocrx_word' id='word_1_151' title='bbox 332 2513 528 2549; x_wconf 83' lang='lat' dir='ltr'><strong>minationi</strong></span> <span class='ocrx_word' id='word_1_152' title='bbox 562 2518 598 2549; x_wconf 84' lang='lat' dir='ltr'><strong>et</strong></span> <span class='ocrx_word' id='word_1_153' title='bbox 631 2513 882 2561; x_wconf 87' lang='lat' dir='ltr'><strong>descriptioni</strong></span> <span class='ocrx_word' id='word_1_154' title='bbox 915 2513 1085 2549; x_wconf 86' lang='lat' dir='ltr'><strong>amieiss.</strong></span> <span class='ocrx_word' id='word_1_155' title='bbox 1123 2512 1342 2548; x_wconf 85' lang='lat' dir='ltr'><strong>Willkomm</strong></span> <span class='ocrx_word' id='word_1_156' title='bbox 1376 2510 1537 2558; x_wconf 66' lang='lat' dir='ltr'><strong>traditae,</strong></span> <span class='ocrx_word' id='word_1_157' title='bbox 1584 2521 1668 2545; x_wconf 91' lang='lat' dir='ltr'><strong>om-</strong></span> 
     </span>
     <span class='ocr_line' id='line_1_28' title="bbox 333 2588 1670 2638; baseline -0.002 -12"><span class='ocrx_word' id='word_1_158' title='bbox 333 2603 401 2629; x_wconf 89' lang='lat' dir='ltr'><strong>nes</strong></span> <span class='ocrx_word' id='word_1_159' title='bbox 430 2592 506 2637; x_wconf 84' lang='lat' dir='ltr'><strong>jam</strong></span> <span class='ocrx_word' id='word_1_160' title='bbox 539 2592 575 2626; x_wconf 95' lang='lat' dir='ltr'><strong>in</strong></span> <span class='ocrx_word' id='word_1_161' title='bbox 609 2603 725 2637; x_wconf 86' lang='lat' dir='ltr'><strong>opere</strong></span> <span class='ocrx_word' id='word_1_162' title='bbox 758 2593 932 2638; x_wconf 84' lang='lat' dir='ltr'><strong>ejusdem</strong></span> <span class='ocrx_word' id='word_1_163' title='bbox 967 2603 1091 2637; x_wconf 86' lang='lat' dir='ltr'><strong>nuper</strong></span> <span class='ocrx_word' id='word_1_164' title='bbox 1131 2592 1177 2626; x_wconf 82' lang='lat' dir='ltr'><strong>ad</strong></span> <span class='ocrx_word' id='word_1_165' title='bbox 1228 2591 1340 2626; x_wconf 85' lang='lat' dir='ltr'><strong>finem</strong></span> <span class='ocrx_word' id='word_1_166' title='bbox 1383 2590 1566 2635; x_wconf 88' lang='lat' dir='ltr'><strong>perducto</strong></span> <span class='ocrx_word' id='word_1_167' title='bbox 1607 2588 1670 2630; x_wconf 84' lang='lat' dir='ltr'><strong>(ic.</strong></span> 
     </span>
     <span class='ocr_line' id='line_1_29' title="bbox 333 2668 1667 2719; baseline -0.001 -15"><span class='ocrx_word' id='word_1_168' title='bbox 333 2675 369 2705; x_wconf 86' lang='lat' dir='ltr'><strong>et</strong></span> <span class='ocrx_word' id='word_1_169' title='bbox 401 2671 526 2706; x_wconf 88' lang='lat' dir='ltr'><strong>descr.</strong></span> <span class='ocrx_word' id='word_1_170' title='bbox 562 2670 612 2716; x_wconf 81' lang='lat' dir='ltr'><strong>pl.</strong></span> <span class='ocrx_word' id='word_1_171' title='bbox 646 2675 716 2706; x_wconf 87' lang='lat' dir='ltr'><strong>etc.</strong></span> <span class='ocrx_word' id='word_1_172' title='bbox 750 2671 792 2706; x_wconf 91' lang='lat' dir='ltr'><strong>T.</strong></span> <span class='ocrx_word' id='word_1_173' title='bbox 829 2668 881 2719; x_wconf 89' lang='lat'><strong>11)</strong></span> <span class='ocrx_word' id='word_1_174' title='bbox 915 2674 1144 2706; x_wconf 78' lang='lat' dir='ltr'><strong>enumeratae</strong></span> <span class='ocrx_word' id='word_1_175' title='bbox 1177 2674 1280 2706; x_wconf 87' lang='lat' dir='ltr'><strong>sunt.</strong></span> <span class='ocrx_word' id='word_1_176' title='bbox 1331 2669 1471 2704; x_wconf 82' lang='lat' dir='ltr'><strong>Beatus</strong></span> <span class='ocrx_word' id='word_1_177' title='bbox 1495 2668 1667 2714; x_wconf 78' lang='lat' dir='ltr'><strong>Pourrct7</strong></span> 
     </span>
     <span class='ocr_line' id='line_1_30' title="bbox 333 2747 1670 2795; baseline -0.004 -11"><span class='ocrx_word' id='word_1_178' title='bbox 333 2749 396 2795; x_wconf 90' lang='lat' dir='ltr'><strong>qui</strong></span> <span class='ocrx_word' id='word_1_179' title='bbox 430 2748 613 2793; x_wconf 81' lang='lat' dir='ltr'><strong>singulari</strong></span> <span class='ocrx_word' id='word_1_180' title='bbox 639 2749 923 2795; x_wconf 84' lang='lat' dir='ltr'><strong>praedilectione</strong></span> <span class='ocrx_word' id='word_1_181' title='bbox 942 2749 1070 2785; x_wconf 89' lang='lat' dir='ltr'><strong>studio</strong></span> <span class='ocrx_word' id='word_1_182' title='bbox 1092 2748 1350 2784; x_wconf 85' lang='lat' dir='ltr'><strong>Cistinearum</strong></span> <span class='ocrx_word' id='word_1_183' title='bbox 1370 2747 1560 2795; x_wconf 67' lang='lat' dir='ltr'><strong>incubuit,</strong></span> <span class='ocrx_word' id='word_1_184' title='bbox 1598 2757 1670 2781; x_wconf 87' lang='lat' dir='ltr'><strong>non</strong></span> 
     </span>
    </p>
   </div>
   <div class='ocr_carea' id='block_1_15' title="bbox 334 2824 1672 2876">
    <p class='ocr_par' dir='ltr' id='par_1_15' title="bbox 334 2824 1672 2876">
     <span class='ocr_line' id='line_1_31' title="bbox 334 2824 1672 2876; baseline -0.004 -13"><span class='ocrx_word' id='word_1_185' title='bbox 334 2838 475 2873; x_wconf 83' lang='lat' dir='ltr'><strong>paucas</strong></span> <span class='ocrx_word' id='word_1_186' title='bbox 503 2827 654 2873; x_wconf 89' lang='lat' dir='ltr'><strong>species</strong></span> <span class='ocrx_word' id='word_1_187' title='bbox 682 2827 716 2862; x_wconf 89' lang='lat' dir='ltr'><strong>in</strong></span> <span class='ocrx_word' id='word_1_188' title='bbox 744 2827 919 2863; x_wconf 85' lang='lat' dir='ltr'><strong>herbario</strong></span> <span class='ocrx_word' id='word_1_189' title='bbox 940 2838 1028 2876; x_wconf 73' lang='lat' dir='ltr'><strong>suo,</strong></span> <span class='ocrx_word' id='word_1_190' title='bbox 1061 2827 1201 2862; x_wconf 82' lang='lat' dir='ltr'><strong>Matriti</strong></span> <span class='ocrx_word' id='word_1_191' title='bbox 1229 2829 1469 2873; x_wconf 64' lang='lat' dir='ltr'><strong>conservato7</strong></span> <span class='ocrx_word' id='word_1_192' title='bbox 1504 2824 1672 2871; x_wconf 70' lang='lat' dir='ltr'><strong>reliquit,</strong></span> 
     </span>
    </p>
   </div>
  </div>
 </body>
</html>
