1919 3199
851 114 928 153 155

130 252 342 287 Hieracium
373 247 607 284 umbellatum
639 249 678 282 L.

244 327 386 362 Cuesta
419 329 614 371 Descarga
649 325 880 361 Cantabriae!
944 326 982 361 S.
1018 324 1134 359 Pablo
1177 325 1224 359 de
1257 325 1412 360 Montes
1447 320 1649 366 (Pourrsfl

155 431 176 452 „
235 405 430 441 *Laetaris
462 404 521 438 Fr.

240 483 283 518 ln
317 485 447 516 monte
481 479 627 515 Casaril
661 490 718 525 pr.
751 477 949 524 Bagnbres
982 480 1030 514 de
1064 479 1240 516 Luchon!

129 562 178 598 H.
211 559 356 596 boreale
386 561 446 595 Fr.

242 637 531 672 Puentedeume
564 639 601 670 et
631 634 700 669 Rio
733 634 816 670 Ulla
850 633 1047 670 Galieciae!

664 764 770 804 xxll.
828 763 1111 804 Ambrosiaceae.

124 871 328 905 Xanthiam
358 869 608 903 strumam-ium
640 867 680 903 L.
715 867 848 912 (Hisp.
883 867 1058 902 Bardana
1092 868 1261 913 menor).

239 947 314 982 San
349 944 570 994 Sebastian,
605 944 765 993 Murcia,
800 945 955 982 Sevilla!

124 1026 168 1060 X.
202 1035 481 1070 macrocarpum
514 1022 592 1057 DC.

242 1102 283 1136 1n
317 1101 510 1137 ruderatis
543 1101 590 1136 ad
622 1100 774 1137 Madrid
809 1100 953 1146 (Oct.)!

122 1181 167 1215 K.
201 1182 390 1227 spinosum
422 1180 463 1215 L.

235 1257 385 1306 Bilbao7
420 1257 453 1291 la
487 1255 656 1305 Corufia⁷
689 1256 790 1301 Tuy;
826 1255 1054 1290 villafranca
1088 1256 1149 1291 del
1183 1255 1341 1293 Vierzo!

661 1387 787 1425 xxm.
848 1386 1090 1425 Lobeliaceae.

123 1489 271 1527 Lobelia
301 1503 408 1527 urens
441 1490 482 1524 L.
517 1490 628 1534 [Lge.
662 1500 745 1524 exs.
778 1489 845 1524 Nr.
877 1488 994 1535 297).

238 1569 280 1603 ln
315 1567 520 1603 Cantabria
554 1571 591 1602 et
624 1566 793 1602 Gallecia
828 1562 1166 1612 frequentissima!

123 1647 323 1683 Laurentia
354 1646 516 1682 Mic-helii
546 1645 625 1681 DC.
658 1647 698 1693 β,
731 1646 965 1692 inleqrisolia
996 1645 1103 1692 ηοΙ).7
1153 1643 1279 1679 differt
1311 1655 1330 1678 a
1365 1644 1483 1678 forma
1517 1643 1641 1689 typica

235 1724 336 1759 sotiis
383 1723 643 1768 integerrimis
693 1727 729 1757 et
774 1724 918 1758 corolla
965 1724 1064 1758 alba.
1141 1723 1285 1757 Forsan
1322 1723 1361 1757 L.
1399 1721 1528 1758 tenella
1562 1721 1641 1758 DC.

237 1802 370 1837 eadem
405 1800 559 1846 species
593 1804 666 1848 est⁷
701 1801 771 1836 sed
807 1806 938 1836 nostra
972 1801 1098 1847 planta
1132 1799 1352 1835 certissime
1384 1810 1524 1834 annua.

232 1880 275 1914 ln
314 1878 436 1925 pratis
469 1878 515 1913 ad
553 1890 691 1924 pagum
727 1879 936 1914 Valdomar
968 1878 1164 1916 Galieciae!

634 2009 752 2048 XXIV.
811 2009 1125 2060 campanulaeeae.

118 2113 273 2149 Jasione
302 2118 479 2148 montana
513 2112 552 2146 L.

236 2192 276 2225 1η
313 2189 532 2236 Cantabria,
569 2188 735 2224 Gallecia
769 2193 805 2224 et
838 2189 1026 2235 Hispania
1059 2188 1217 2224 centrali
1250 2187 1453 2235 frequens!

121 2295 141 2314 „
173 2268 214 2316 β,
248 2270 434 2303 maritima
467 2268 575 2313 Duby
610 2268 720 2312 (Lge.
754 2278 835 2302 exs.
869 2268 935 2303 Nr.
969 2267 1083 2312 302).

235 2344 278 2379 In
312 2345 490 2380 arenosis
524 2345 726 2380 maritimis
760 2346 806 2380 ad
841 2346 1059 2381 Santander
1092 2344 1305 2380 Cantabriae
1338 2346 1374 2378 et
1399 2342 1638 2377 Pontevedra

293 2422 491 2460 Galleeiae!

122 2526 145 2550 „
177 2514 217 2549 y,
249 2497 404 2546 qracilis
437 2502 563 2549 nob.‚·
592 2500 818 2550 gracillima,
863 2501 1148 2549 ramosissima⁷
1196 2498 1406 2545 pedunculi
1439 2498 1638 2533 filiformes

237 2579 420 2627 elongati⁷
453 2579 618 2625 capitula
653 2579 823 2628 minima⁷
858 2579 944 2614 folia
978 2580 1092 2623 longe
1125 2577 1263 2613 ciliata.

236 2656 418 2701 Santiago
452 2661 488 2691 et
520 2656 607 2691 Pico
642 2657 761 2701 Sagro
797 2656 996 2701 Galleciae3
1031 2656 1260 2691 Villafranca
1298 2656 1359 2690 del
1396 2654 1553 2689 Vierzo!

124 2732 237 2768 Obs.
311 2734 449 2769 Parum
493 2733 619 2769 differt
663 2734 740 2769 haec
780 2734 899 2768 forma
932 2745 951 2769 a
982 2736 1019 2770 J.
1051 2741 1164 2770 mont.
1199 2735 1357 2770 littorali
1389 2733 1464 2781 Fr.,
1513 2729 1639 2777 qualis

179 2811 281 2856 apud
316 2822 387 2846 nos
421 2822 577 2857 quoque
610 2811 789 2860 occurrit,
825 2815 861 2846 et
893 2812 1021 2847 forsan
1055 2813 1190 2847 eadem
1217 2816 1291 2860 est,
1326 2810 1500 2858 quamvis
1532 2806 1638 2854 capi·-
