1929 3277
754 330 792 366 4.
855 330 1123 374 Phyllodei.

193 432 373 478 Pelliyera
405 433 588 479 aphthosa
618 432 695 476 (L.)
727 429 870 466 Hoffm.

300 512 343 546 ln
376 515 502 546 monle
535 512 632 547 Pefia
667 509 823 546 Castiilo
856 520 913 556 pr.
948 509 1180 545 Santander!

193 591 233 627 P.
265 592 444 638 rufescens
476 590 629 639 (Neck.)
663 587 802 624 Hoffm.

301 670 358 705 Ad
390 673 544 705 truncos
578 668 774 705 Castaneae
806 678 926 714 prope
958 667 1062 712 Lugo
1096 665 1291 702 Galleciae!

194 748 366 786 Solorina
397 753 542 785 saccata
575 748 655 792 (1,.)
690 747 782 783 Ach.

301 827 342 862 In
376 831 503 864 monte
536 828 634 865 Pefia
669 825 825 863 Castillo
858 837 915 872 pr.
950 825 1184 863 Santander!

192 908 231 944 S.
265 918 389 944 crocea
419 902 500 957 (L.)
527 907 621 943 Ach.

301 987 341 1022 ln
381 985 541 1032 rupibus
574 985 741 1032 regionis
774 984 908 1032 alpinae
927 985 1060 1032 Pyr-en.
1081 984 1192 1031 Hisp.
1225 988 1262 1020 et
1280 983 1377 1020 Gall.
1410 984 1457 1020 ad
1492 984 1591 1020 Port.
1626 984 1673 1020 de

357 1065 563 1111 Benasque
596 1069 632 1101 et
662 1066 708 1100 ad
742 1065 863 1100 laeum
894 1064 1088 1111 Espingo!

191 1147 306 1183 Sticta
336 1145 581 1182 scrobiculata
612 1143 770 1193 (Scop.)
802 1144 895 1179 Ach.

300 1226 342 1261 In
376 1223 525 1260 ericetis
560 1224 752 1260 montanis
786 1222 925 1259 montis
960 1223 1046 1258 Pico
1080 1223 1198 1268 Sagro
1233 1222 1428 1259 Galleciae!

193 1303 379 1341 Ricasolia
407 1304 642 1352 ,qlomulifera
674 1303 720 1339 de
753 1303 839 1339 Not.

301 1383 343 1418 In
376 1382 514 1419 cortice
542 1382 739 1418 Castaneae
770 1382 816 1418 ad
849 1392 987 1429 pagum
1019 1382 1076 1417 las
1109 1380 1284 1417 Medolas
1319 1380 1445 1425 (distr.
1481 1380 1654 1426 Vier20J!

200 1463 383 1500 Parmelia
413 1467 584 1510 caperata
602 1461 678 1510 (L.)
696 1462 789 1498 Ach.

192 1542 231 1578 P.
262 1541 407 1597 perlata
438 1543 516 1586 (1,.)
548 1541 640 1578 Ach.

190 1621 231 1657 P.
252 1595 437 1658 *saxatilis
471 1621 545 1666 (L.)
576 1621 616 1672 β,
650 1622 881 1668 omphalodes
913 1620 970 1656 Fr.

796 1458 817 1593 ἒ
848 1507 890 1542 In
923 1506 1095 1554 scopulis
1129 1504 1327 1542 maritimis
1360 1506 1406 1541 ad
1442 1506 1473 1541 la
1508 1505 1683 1542 Corufia!

301 1701 343 1736 In
376 1700 536 1747 rupibus
568 1700 759 1747 graniticis
793 1700 838 1735 ad
873 1700 1001 1750 Lugo⁷
1042 1698 1247 1735 schistosis
1280 1699 1327 1734 ad
1361 1698 1587 1734 Villafranca
1620 1698 1681 1734 del

358 1779 513 1815 Vierzo!

191 1860 231 1897 P.
262 1861 440 1909 physodes
473 1859 551 1905 (L.)
583 1859 676 1894 Ach.

300 1940 342 1975 In
375 1938 525 1975 ericetis
558 1938 749 1974 montanis
782 1949 901 1986 prope
935 1936 1162 1973 Villafranca
1191 1937 1251 1972 del
1286 1936 1440 1974 Vierzo!

191 2018 232 2054 P.
266 2020 380 2055 tristis
411 2019 565 2065 (Web.)
598 2019 681 2065 Nyl.
715 2017 903 2065 (Cetraria
937 2017 1058 2053 tristis
1096 2017 1187 2060 Fun).

301 2097 344 2132 In
376 2102 504 2133 monte
538 2097 813 2143 Cuelgamoros
847 2108 963 2144 supra
995 2096 1190 2134 Escorial!

192 2176 349 2223 physe-ia
378 2179 554 2224 [lavicans
586 2176 705 2226 (Sw.)
738 2176 817 2212 DC.

302 2256 343 2291 In
377 2260 504 2292 monte
537 2256 623 2292 Pico
657 2257 775 2302 Sagro
809 2255 984 2292 Galleciae
1016 2255 1080 2299 (ad
1115 2265 1242 2290 ramos
1274 2253 1393 2290 Ericae
1426 2254 1628 2299 cinereae)!

190 2336 260 2372 Ph.
292 2336 427 2373 villosa
459 2336 598 2372 Schaer.
633 2335 810 2380 (Evernia
842 2335 974 2371 villosa
1008 2335 1098 2377 Fu).

300 2414 342 2450 In
382 2415 520 2451 cortice
555 2414 749 2461 Phillyreae
789 2413 1040 2460 angustifoliae
1080 2416 1114 2448 et
1146 2412 1306 2448 Rhamni
1352 2413 1515 2450 oleoidis
1564 2425 1683 2460 prope

356 2493 510 2529 Portum
545 2494 616 2529 Stae
647 2493 790 2542 Mariae⁷
826 2492 966 2539 optime
1000 2492 1255 2528 fructificans!

191 2572 261 2609 Ph.
291 2575 475 2620 parietina
507 2574 583 2618 (1,.)
616 2574 699 2620 Nyl.

302 2651 372 2687 Per
397 2655 512 2688 totam
534 2652 772 2702 Hispaniam„
807 2656 879 2687 tam
911 2651 947 2687 in
981 2651 1100 2700 saxis⁷
1134 2662 1245 2698 quam
1279 2650 1314 2686 i11
1342 2651 1480 2687 cortice
1498 2652 1676 2687 arborum

359 2731 517 2778 passim.
