1919 3199
960 128 1052 173 ,356

261 268 300 304 S.
338 266 570 303 Welwitschii
601 265 731 301 Boiss.
766 269 801 300 et
834 265 943 300 Reut.
979 276 1066 311 pug.
1109 276 1144 311 p.
1177 264 1231 303 28
1262 264 1438 311 (Cytisus
1482 270 1617 310 patens
1664 266 1768 305 Plan.

371 345 467 382 Ens.
502 345 539 379 ss.
572 344 711 389 galleg.
773 354 809 389 p.
843 342 955 388 164).

374 424 414 458 ln
449 422 599 458 ericetis
633 426 668 457 et
700 422 746 457 ad
779 433 898 467 sepes
927 420 1102 456 Galleciae
1128 421 1215 462 hinc
1246 421 1359 461 inde:
1388 421 1555 472 Corufia⁷
1590 422 1770 467 Santiago

433 502 480 537 de
528 474 799 548 Compostelzi,
856 501 984 547 Lug03
1034 500 1171 535 Puerto
1225 500 1272 535 de
1321 500 1548 547 Piedrafita3
1594 500 1768 537 Ruitelan

427 575 586 632 (Leon),
620 579 687 616 ult.
720 579 796 614 Jul.
831 589 863 614 c.
898 578 934 613 ss.
969 581 1005 613 et
1037 578 1098 614 fr.!

287 658 398 695 Obs.
463 659 490 693 Α
535 657 798 704 descriptione
840 658 864 694 l.
906 668 937 693 c.
983 656 1169 691 recedunt
1216 656 1426 703 specimina
1475 662 1605 693 nostra
1654 657 1770 693 ramis

371 737 651 785 8—9—costatis‚
687 736 847 772 floribus
888 746 991 780 saepe
1033 733 1109 772 2-3
1149 734 1399 783 fasciculam,
1442 736 1663 782 pedunculo
1705 747 1771 771 ca-

371 817 490 862 lycem
539 816 653 860 longe
692 817 916 860 superante.
979 813 1197 859 Specimina
1239 814 1337 849 bene
1380 814 1519 849 siccata
1558 814 1666 850 'haud
1710 814 1770 849 ni—

370 898 568 940 grescunt.
629 894 670 928 In
714 893 823 929 horto
864 891 1041 927 botanico
1083 896 1215 927 nostro
1257 904 1276 927 e
1316 892 1530 928 seminibus
1577 893 1623 928 ad
1664 893 1770 938 Lugo

369 973 476 1008 lectis
519 973 706 1008 educatus
739 972 983 1007 characteres
1026 971 1123 1006 bene
1166 971 1351 1020 servavit,
1393 976 1429 1006 et
1467 971 1623 1018 quidem
1664 983 1681 1007 a
1729 973 1767 1007 S.

366 1054 556 1098 eriocarpo
590 1051 634 1086 Β.
663 1055 699 1086 et
720 1050 764 1086 R.
793 1051 890 1086 bene
916 1049 1121 1085 distinctus
1147 1048 1296 1084 videtur
1323 1049 1437 1085 ramis
1467 1050 1705 1095 longioribus
1735 1055 1771 1085 et

371 1129 660 1178 gracilioribus,
709 1129 808 1164 foliis
856 1128 1010 1174 longius
1059 1128 1275 1175 petiolatis,
1331 1128 1491 1164 floribus
1538 1128 1767 1177 minoribus,

370 1208 561 1253 legumine
595 1208 712 1253 duplo
746 1208 939 1256 longiore,
980 1206 1335 1255 oblongo-lineari,
1377 1207 1613 1252 subfalcato„
1649 1208 1770 1244 dense

369 1286 541 1335 quidem,
575 1287 643 1322 sed
679 1286 765 1333 pilis
797 1285 1035 1322 brevioribus
1066 1285 1272 1330 minusque
1299 1285 1439 1321 albidis
1458 1285 1610 1321 vestito.
1643 1285 1768 1331 Magis

369 1365 494 1400 affinis
542 1369 667 1400 autem
708 1364 858 1400 videtur
890 1368 929 1400 S.
960 1371 1090 1410 patens
1127 1364 1279 1412 Webb.,
1314 1364 1378 1410 qui
1422 1369 1546 1399 autem
1582 1376 1625 1400 ex
1658 1364 1768 1399 icone

370 1443 518 1487 (Boiss.
553 1454 635 1490 voy.
670 1443 745 1480 tab.
778 1442 832 1480 40
870 1443 945 1491 B.)‚
986 1443 1031 1477 ad
1074 1454 1188 1489 quem
1229 1453 1384 1488 quoque
1417 1443 1464 1477 cl.
1498 1443 1691 1478 Planellas
1734 1448 1770 1477 et

371 1521 561 1558 Colmeiro
603 1521 770 1567 plantam
804 1521 1023 1567 galleoicam
1058 1522 1286 1567 retulerunt,
1321 1520 1447 1556 differt
1477 1521 1617 1557 foliolis
1651 1522 1769 1556 multo

371 1600 597 1650 majoribus,
632 1601 770 1646 calycis
805 1599 904 1636 labio
936 1600 1000 1636 inf.
1035 1601 1153 1635 multo
1194 1599 1366 1645 longiore
1406 1599 1617 1646 (superiori
1652 1599 1769 1645 duplo

369 1678 558 1726 longiore,
591 1679 627 1714 in
662 1683 797 1715 nostro
829 1690 917 1715 vero
949 1679 976 1717 2
1007 1679 1103 1714 labia
1130 1678 1295 1725 calycina
1324 1678 1630 1726 subaequifflnga,
1661 1683 1768 1713 trun-

371 1757 732 1802 cato-adbreviata).

259 1839 299 1874 S.
330 1837 587 1883 yrandiflorus
621 1836 764 1882 (Brot.)
798 1836 935 1871 Webb.
970 1836 1043 1872 otia
1078 1836 1179 1882 hisp.
1213 1848 1250 1882 p.
1284 1834 1353 1886 45,
1386 1840 1410 1871 t.
1443 1834 1511 1874 39.
1545 1836 1603 1883 (S.
1643 1835 1769 1871 affinis

373 1914 502 1950 Boiss.
535 1926 618 1961 voy.
650 1915 726 1951 tab.
759 1913 848 1959 40).
910 1914 1043 1960 (Hisp.
1077 1915 1337 1959 Escobones).

374 1994 415 2028 ln
459 1993 646 2029 fruticetis
683 1993 868 2029 montium
907 1993 1168 2029 Marianorum
1209 1994 1254 2028 ad
1299 1994 1620 2040 Despefiaperros
1660 1995 1697 2029 et
1736 1993 1769 2028 la

429 2071 623 2122 Carolina,
658 2072 710 2110 10
740 2073 830 2118 Maj.
865 2084 896 2108 c.
930 2069 990 2110 ss.!

288 2151 401 2186 Obs.
467 2151 569 2186 inter
601 2151 754 2197 species
786 2151 998 2198 Europaeas
1040 2151 1118 2187 haee
1159 2151 1264 2187 facile
1306 2151 1483 2200 maxima⁷
1518 2152 1556 2189 S.
1591 2150 1769 2197 scopario

372 2230 458 2276 plus
492 2230 611 2276 duplo
643 2230 767 2265 altior.

259 2311 299 2345 S.
333 2310 490 2345 boeticus
523 2309 660 2344 Webb.

374 2388 414 2422 ln
448 2387 633 2423 fruticetis
669 2388 750 2423 loeo
785 2387 884 2422 dicto
918 2388 951 2422 la
984 2387 1154 2433 Albayda
1190 2398 1246 2433 pr.
1282 2387 1459 2422 Cordoba
1493 2386 1767 2434 frequentissi-

429 2477 531 2515 mus,
564 2465 618 2504 28
648 2466 761 2502 Mart.
794 2477 826 2500 c.
859 2466 917 2502 fl.1

289 2544 400 2581 Obs.
464 2544 504 2579 ln
539 2544 734 2580 consortio
768 2545 807 2580 S.
840 2547 1003 2591 scoparii
1030 2544 1125 2579 circa
1144 2545 1318 2581 Escorial
1348 2544 1559 2592 specimina
1587 2544 1768 2584 nonnulla

373 2622 514 2670 inveni,
549 2633 646 2671 quae,
680 2634 755 2658 non
789 2624 967 2658 obstante
1001 2622 1131 2658 habitu
1164 2623 1380 2671 differente⁷
1414 2623 1521 2669 prius
1556 2633 1624 2668 pro
1665 2622 1770 2668 ejus-

373 2701 458 2736 dem
505 2700 684 2736 varietate
718 2701 847 2750 habui7
890 2703 958 2738 sed
1004 2702 1163 2737 ulterius
1206 2702 1434 2751 examinata,
1475 2701 1574 2747 stylo
1613 2699 1768 2735 omnino

373 2780 504 2824 glabro
525 2778 718 2816 differunt.
753 2780 854 2815 Folia
872 2781 908 2815 in
930 2781 998 2815 hac
1017 2781 1132 2816 forma
1153 2780 1324 2831 sessilia⁷
1344 2785 1488 2816 tornata
1507 2791 1539 2815 v.
1563 2777 1768 2827 simplicia⁷

372 2857 513 2894 foliolis
545 2857 733 2905 obovatis‚
769 2858 884 2894 flores
918 2859 1149 2907 mediocres⁷
1182 2859 1309 2894 carina
1337 2860 1519 2905 pendula.
1594 2856 1769 2893 Proxime
