1919 3199
846 129 926 168 255

244 262 391 298 laminae
423 262 674 308 longitudine.
724 262 807 297 Non
841 262 968 298 solum
1002 263 1117 298 totius
1151 263 1287 309 plantae
1320 263 1632 299 dimensionibus

241 340 438 377 multoties
485 341 716 388 majoribus,
764 340 833 376 sed
874 340 986 376 variis
1027 352 1183 388 quoque
1226 341 1512 377 characteribus
1557 341 1634 376 haec

241 419 369 465 planta
401 418 551 454 videtur
581 417 759 453 distincta
792 429 812 453 a
845 419 1099 468 praecedente⁷
1133 428 1252 465 quare
1278 418 1496 465 opinionem
1532 429 1551 453 a
1584 419 1632 453 cl.

245 495 397 531 Warion
455 497 479 531 Ι.
525 509 557 533 c.
612 495 875 543 propositam,
930 496 1028 531 hanc
1084 498 1251 542 plantam
1307 496 1421 532 modo
1475 496 1632 531 sormam

242 575 448 609 australem
481 573 752 620 grandissoram
785 573 926 620 prioris
960 585 1065 622 esse7
1099 574 1199 609 haud
1233 574 1439 610 assentior.
1474 576 1516 610 F.
1551 574 1634 611 cal-

242 653 408 699 thaesolia
439 651 587 696 (Bluff.)
619 651 739 688 Rchb.
771 652 828 698 (R.
848 652 990 687 Ficaria
1022 653 1062 701 β,
1096 652 1324 688 incumbens
1344 651 1495 687 Schultz
1528 653 1553 686 1.
1586 652 1633 696 e.)

241 740 284 764 ex
318 729 472 766 Schultz
506 734 542 765 et
574 729 728 765 Warion
771 741 845 765 non
887 730 959 765 huc
991 730 1200 777 pertinere,
1243 730 1313 765 sed
1345 730 1464 765 forma
1499 731 1535 765 F.
1570 741 1633 765 ra-

242 807 490 844 nunculoidis
522 808 623 844 foliis
657 808 883 856 majoribus,
917 808 1016 844 lobis
1049 809 1190 843 baseos
1231 807 1508 854 approximatis
1541 819 1631 844 esse

241 885 404 935 videtur,
438 897 556 933 quare
589 886 660 921 hoc
694 897 831 922 nomen
866 897 940 921 non
975 886 1235 921 adhibendum
1270 890 1342 921 est.

131 964 433 1011 Ceratocephalus
463 964 624 1012 falcatus
655 975 730 1000 var.
766 965 963 1001 Barrelieri
994 965 1034 1001 L.
1061 964 1144 1000 Duf.
1164 963 1200 998 in
1221 963 1318 1000 Bull.
1352 975 1433 999 soc.
1467 964 1544 999 bot.
1573 965 1630 999 Fr.

240 1042 327 1089 Vll,
360 1054 398 1089 p.
429 1042 506 1081 221
543 1043 667 1086 (Barr.
700 1042 746 1078 ic.
778 1041 874 1090 376,
906 1041 974 1090 2);
1015 1041 1056 1077 C.
1090 1041 1249 1077 falcatus
1284 1041 1399 1077 Coss.
1436 1041 1472 1076 in
1508 1042 1632 1077 Bour-

240 1131 337 1165 geau
370 1132 452 1157 exs.
486 1119 607 1167 1854,
640 1121 706 1156 Nr.
738 1118 880 1164 2086).

235 1198 277 1234 In
312 1198 459 1246 campis
491 1198 609 1234 aridis
642 1198 782 1234 Matriti
816 1197 1000 1244 proximis
1031 1196 1084 1235 29
1106 1198 1196 1243 Maj.
1230 1209 1263 1233 c.
1297 1197 1363 1234 fr.!
1395 1197 1629 1244 (Specimina

288 1277 468 1323 juvenilia
494 1277 591 1312 eirca
613 1276 804 1313 Matritum
820 1276 896 1322 jam
917 1287 935 1311 a
965 1277 1065 1312 beat.
1100 1275 1327 1311 Schousboe
1360 1277 1453 1311 lecta
1487 1277 1630 1312 adsunt

290 1355 327 1390 in
361 1355 469 1391 herb.
503 1355 590 1391 hort
621 1353 774 1396 bauli-J!

152 1433 264 1471 Obs.
311 1432 527 1479 Specimina
572 1432 807 1468 matritensia
841 1443 859 1467 a
894 1444 951 1467 me
985 1433 1080 1467 lecta
1113 1436 1168 1475 (et
1201 1432 1260 1468 his
1294 1443 1455 1479 prorsus
1489 1432 1625 1468 similia

233 1512 280 1547 ad
325 1512 452 1548 Ocana
494 1522 512 1546 a
545 1512 593 1547 el.
626 1511 828 1556 Bourgeau
871 1511 981 1554 lecta)
1022 1510 1105 1545 sine
1146 1510 1263 1546 dubio
1296 1511 1342 1545 ad
1377 1511 1543 1556 plantam
1590 1510 1626 1545 in

232 1601 349 1635 opere
398 1588 597 1625 Barrelieri
638 1588 843 1624 exhibitam
884 1593 919 1623 et
958 1600 976 1623 a
1020 1589 1090 1624 cel.
1133 1588 1281 1624 Dufour
1322 1599 1442 1634 prope
1481 1588 1626 1623 Tudela

225 1667 359 1702 lectam
379 1667 578 1703 referenda
597 1672 698 1703 sunt.
734 1667 864 1702 Planta
884 1667 1008 1702 locum
1029 1666 1195 1702 medium
1215 1671 1346 1702 tenere
1365 1667 1514 1702 videtur
1530 1666 1628 1702 inter

232 1747 270 1783 C.
301 1747 478 1794 falcatum
512 1746 617 1783 Pers.
651 1750 686 1780 et
718 1747 757 1782 C.
790 1747 1051 1782 orthoceratem
1084 1745 1185 1794 DC.⁷
1227 1745 1312 1780 huic
1346 1749 1470 1780 tamen
1505 1743 1626 1789 magis

229 1823 355 1859 affinis
374 1823 519 1861 statura
546 1823 693 1871 humili,
727 1822 833 1869 spica
858 1823 1111 1869 carpellorum
1145 1823 1316 1858 breviore
1334 1821 1626 1871 etangustiore,

230 1906 357 1938 rostro
396 1901 650 1948 carpellorum
700 1901 831 1936 leviter
871 1905 1047 1952 curvato,
1092 1901 1179 1938 dum
1222 1901 1265 1936 C.
1298 1901 1458 1936 falcatus
1499 1904 1625 1936 rostro

238 1981 356 2016 multo
389 1980 562 2025 longiore
595 1983 632 2015 et
662 1979 811 2027 latiore,
845 1979 954 2014 valde
986 1979 1303 2015 falcato-curvato
1336 1978 1520 2025 praeditus
1553 1983 1625 2013 est.

234 2059 291 2095 Ab
323 2062 486 2104 utroque
519 2062 645 2093 autem
678 2056 805 2092 differt
848 2057 1017 2092 omnium
1051 2058 1212 2104 partium
1246 2057 1471 2092 indumento
1504 2056 1626 2091 dense

234 2137 603 2172 niveo-tomentoso.
666 2136 800 2182 ltaque
836 2136 1040 2185 suspicor,
1081 2136 1177 2171 hanc
1218 2135 1385 2181 plantam
1426 2138 1489 2169 aut
1533 2145 1626 2179 spe-

234 2213 329 2249 ciem
385 2214 579 2260 propriam
636 2213 805 2261 sistere,
861 2225 944 2260 quae
990 2218 1079 2249 tunc
1132 2215 1170 2251 C.
1223 2214 1420 2249 Barrelieri
1472 2211 1626 2246 nomine

234 2296 340 2328 esset
370 2291 596 2340 apellanda,
629 2296 693 2327 aut
732 2291 861 2327 forsan
902 2291 1120 2328 varietatem
1155 2291 1197 2326 (l.
1230 2280 1484 2326 orthoceratis
1519 2300 1624 2338 esse,

232 2369 307 2406 nisi
337 2370 432 2406 forte
465 2380 599 2406 omnes
632 2369 657 2408 3
688 2369 815 2405 formae
839 2368 875 2404 in
902 2381 1015 2405 unam
1046 2370 1285 2415 eandemque
1305 2367 1474 2414 speciem
1493 2372 1626 2403 essent

228 2448 447 2494 Jungendae.

666 2524 706 2562 4.
768 2525 1067 2562 Helleboreae.

121 2603 251 2640 Caltha
279 2603 458 2651 palustris
492 2603 530 2642 L.
564 2604 694 2650 (Hisp.
727 2604 851 2639 Yerba
884 2605 1078 2647 centella).

232 2682 275 2716 In
295 2681 460 2718 Gallecia
479 2682 524 2716 ad
542 2681 693 2717 Vallina
714 2681 761 2718 de
782 2683 956 2718 Doricos!
990 2683 1027 2717 S.
1047 2682 1164 2718 Pahio
1185 2682 1230 2717 de
1249 2682 1402 2718 Montes
1431 2677 1621 2724 (Pourr.)!

121 2758 278 2796 Trollius
310 2771 495 2807 europoeus
530 2760 567 2797 L.

229 2836 400 2882 Aguiana
432 2837 620 2882 (Pourr.)!
