1919 3199
827 139 910 179 357

233 273 379 310 accedit
424 274 471 309 ad
512 275 551 310 S.
592 276 736 321 affinem
777 274 928 324 Boiss.7
972 275 1037 321 qui
1075 274 1111 309 in
1161 273 1424 320 descriptione
1472 274 1626 320 quidem

235 353 332 398 stylo
364 352 511 387 inferne
543 352 667 387 ciliato
701 352 934 387 describitur
972 354 1071 398 (voy.
1113 364 1147 398 p.
1181 349 1292 400 134),
1335 352 1405 387 sed
1438 352 1474 387 in
1517 352 1627 387 icone

233 431 326 479 (tab.
358 427 431 478 40)
464 431 586 476 stylus
620 430 774 466 omnino
807 431 940 476 glaber
972 430 1148 476 depictus
1190 435 1261 465 est.
1302 429 1471 466 Ulterius
1517 429 1630 475 igitur

234 508 501 545 observandus
533 507 569 543 in
603 509 686 543 loco
714 505 846 546 natali!
882 509 1013 544 Forma
1035 508 1143 543 valde
1169 507 1320 556 similis,
1347 507 1446 542 foliis
1475 518 1629 553 quoque

234 586 457 635 sessilibuS‚
491 587 588 633 stylo
621 587 752 631 glabro
786 591 857 622 etc.
891 598 924 622 a.
959 587 1005 622 cl.
1041 586 1241 631 Bourgeau
1268 583 1406 633 (1863,
1434 585 1478 622 N.
1503 584 1630 629 2412)

238 665 273 700 in
319 666 456 700 Puerto
504 665 550 700 de
596 665 778 702 Miravete
826 666 921 701 lecta
969 669 1028 700 est
1075 669 1112 700 et
1156 665 1309 700 nomine
1365 664 1404 699 S.
1463 663 1629 710 scoparii

234 742 452 779 distributa.

124 822 275 858 Gem'sta
306 821 502 859 lusitanica
535 822 574 857 L.

233 901 274 936 In
309 900 505 936 montibus
530 900 842 947 Legionensibus
883 901 980 937 circa
1021 912 1158 947 pagum
1202 900 1418 947 Manzanal,
1462 899 1509 936 11
1550 899 1628 934 Jul.

292 990 325 1015 c.
357 979 420 1016 fl.1

124 1069 168 1107 G.
200 1071 344 1106 hirsuta
378 1068 488 1104 Vahl.

237 1147 276 1182 ln
311 1146 506 1183 montibus
538 1147 722 1184 Marianis
756 1158 811 1193 pr.
847 1146 1026 1182 Cordoba
1060 1147 1235 1193 pluribus
1278 1147 1390 1196 locis,
1431 1146 1486 1185 28
1517 1147 1629 1182 Mart.

291 1236 323 1262 c.
354 1225 410 1264 ss.!

123 1316 168 1354 G.
202 1317 425 1362 lanuyz'nosa
459 1315 596 1361 Spach.
630 1316 720 1350 Rev.
756 1314 904 1351 Genist.
939 1326 975 1360 p.
1006 1312 1090 1352 264
1121 1314 1349 1361 (specimina
1381 1314 1632 1361 descriptioni

234 1393 377 1440 optime
410 1393 718 1440 respondentia).

238 1473 277 1508 ln
311 1472 477 1508 collibus
509 1472 624 1507 siccis
657 1472 703 1507 ad
737 1483 873 1518 pagum
910 1471 1128 1517 Galopagar
1166 1471 1202 1506 in
1247 1471 1442 1507 montibus
1484 1471 1631 1517 Carpe-

291 1550 406 1600 tanis,
442 1550 491 1588 11
524 1551 614 1586 Jun.
648 1562 679 1587 c.
713 1551 771 1587 IL!

123 1642 169 1678 G.
201 1643 395 1688 hispanica
425 1641 467 1678 L.
530 1640 659 1686 (llisp.
691 1639 886 1686 Algoma).

234 1719 275 1754 In
310 1719 474 1754 collibus
507 1718 714 1754 schistosis
747 1723 783 1753 et
815 1717 997 1754 calcareis
1025 1718 1236 1754 Cantabriae
1269 1730 1301 1754 v.
1334 1730 1364 1755 c,
1400 1718 1446 1753 ad
1480 1718 1629 1766 Bilbao,

288 1797 516 1843 Encinillas,
551 1797 676 1832 Sierra
708 1792 893 1843 Engafia!

121 1887 165 1924 G.
201 1889 378 1934 decipiens
416 1886 556 1932 Spach.

235 1966 308 2001 San
343 1965 560 2014 Sebastiam,
595 1965 694 2002 Pefia
729 1965 888 2002 Castillo
921 1978 980 2013 pr.
1012 1962 1249 2003 Santander!

122 2055 165 2092 G.
202 2057 360 2101 Hystrz‘ae
392 2056 481 2101 Lge.
516 2055 643 2091 deser.
676 2056 722 2092 ic.
755 2057 895 2095 illustr.
930 2069 968 2103 p.
1000 2056 1040 2105 2,
1074 2057 1149 2091 tab.
1182 2055 1222 2105 2,
1265 2072 1306 2104 α,
1339 2059 1471 2104 ylabra
1514 2061 1549 2092 et
1588 2057 1628 2106 β,

231 2132 379 2172 villosa.

234 2212 273 2247 ln
323 2211 517 2247 montibus
557 2211 865 2257 Legionensibus
905 2213 1051 2261 (Sierra
1092 2214 1139 2248 de
1179 2213 1399 2256 Manzanal)
1439 2212 1628 2258 imprimis

287 2290 383 2326 inter
415 2301 536 2336 pagos
568 2291 725 2326 Latorre
758 2297 793 2326 et
828 2292 950 2327 Prado
984 2292 1046 2326 del
1080 2303 1159 2339 rey⁷
1197 2291 1247 2329 10
1277 2291 1354 2326 Jul.
1389 2302 1420 2327 c.
1457 2291 1514 2328 ΠΛ

122 2381 167 2418 G.
200 2382 376 2427 Scorpius
409 2381 486 2424 (L.)
520 2380 597 2415 DC.

233 2457 465 2503 Encinfflasg
498 2458 709 2504 Aranjuez3
744 2458 869 2494 Sierra
901 2458 1027 2494 Elvira
1061 2460 1096 2494 ss.
1131 2461 1296 2505 granat.!

123 2548 167 2585 G.
201 2550 427 2584 triacanthos
467 2548 568 2585 Brot.
610 2547 810 2594 (Scorpius
851 2548 1076 2594 parvissorus
1110 2548 1218 2583 herb.
1262 2546 1443 2595 Pourr.)!
1515 2548 1626 2594 Hisp.

234 2626 377 2671 Aulaga
409 2626 588 2662 morisca.

233 2704 275 2738 In
310 2703 459 2739 ericetis
502 2703 692 2739 montanis
731 2704 829 2740 inter
869 2704 980 2752 Vigo,
1022 2704 1178 2741 Porrifio
1228 2709 1265 2740 et
1305 2705 1384 2751 Tuy
1433 2704 1624 2752 Galleciae‚

289 2780 343 2819 26
375 2783 471 2827 Aug.
502 2793 534 2817 e.
569 2782 606 2817 ss.
640 2785 676 2817 et
707 2782 773 2818 sr.!

124 2859 169 2896 G.
203 2861 406 2896 berberidea
438 2860 528 2905 Lge.
562 2860 688 2896 deser.
722 2860 766 2896 ic.
801 2860 852 2895 ill.
889 2871 925 2906 p.
961 2860 997 2908 1,
1032 2861 1107 2895 tab.
1143 2861 1178 2897 1.
