1929 3277
963 154 1013 192 14

243 292 288 326 P.
320 292 519 338 formosum
552 289 599 325 H.

349 370 390 405 ln
436 372 563 404 monte
597 373 800 415 quartzoso
834 368 921 404 Pico
955 367 1073 415 Sagro
1114 378 1232 415 prope
1266 367 1552 415 Compostelam
1584 370 1730 408 urbem.

406 447 476 493 (20
506 449 601 493 Aug.
634 459 666 482 c.
699 447 743 483 fr.
772 447 895 494 jun.)!

873 562 1095 607 Bryaceoe.

240 643 375 687 Bryum
407 640 580 687 capulare
611 641 687 684 (L.)
722 640 855 675 Hedw.

349 723 387 757 ln
422 721 580 766 sepibus
613 719 709 754 circa
744 719 925 766 oppidum
960 720 1065 764 Lugo
1099 718 1274 755 Galleciae
1306 720 1399 762 (Jul.
1432 720 1580 766 c.‘fr.)!

235 803 277 838 B.
311 803 519 839 obconicum
546 799 667 835 Hsch.

349 881 390 915 In
425 885 523 915 terra
564 877 732 914 ealcarea
776 878 821 913 ad
859 878 1034 913 Cordoba
1068 878 1201 925 (Mart.
1234 889 1266 914 e.
1299 878 1342 913 fr.
1373 878 1493 924 jun.)3
1541 878 1577 914 in
1611 878 1731 914 muris

407 964 441 993 et
473 958 632 1004 rupibus
666 958 711 992 ad
747 957 950 993 Granatam
983 958 1115 993 urbem
1149 958 1258 1003 (Apr.
1292 969 1321 995 c.
1355 958 1437 1002 fr.)!

239 1040 281 1074 B.
315 1039 476 1085 alpinum
509 1038 548 1073 L.

349 1118 388 1152 In
423 1116 617 1153 montibus
652 1116 877 1164 Carpetanis
912 1127 1026 1162 supra
1062 1126 1196 1162 pagum
1232 1114 1492 1151 Guadarrama
1524 1116 1673 1160 (Jun.)!

240 1197 280 1231 B.
314 1196 424 1232 Zierz'i
457 1195 583 1231 Dicks.

348 1276 388 1310 ln
423 1285 572 1310 summo
617 1275 709 1320 jugo
742 1275 830 1309 Port
875 1275 922 1309 de
961 1274 1166 1319 Benasque
1208 1274 1408 1320 Pyrenaeos
1457 1251 1678 1321 hispanicus
1711 1286 1729 1310 a

406 1354 560 1389 Gallicis
595 1359 798 1400 separante
835 1355 947 1398 (Aug.
982 1364 1013 1387 c.
1048 1353 1129 1395 fr.)!

237 1434 279 1470 B.
313 1431 531 1470 Sclaleiclieri
563 1433 752 1477 Schwiigr.

350 1513 390 1547 In
424 1512 592 1548 fontibus
625 1523 705 1558 reg.
738 1513 812 1558 alp.
846 1512 982 1558 Pyren.
1032 1511 1132 1557 hisp.
1172 1512 1218 1546 ad
1252 1512 1488 1548 Pefiablanca
1519 1511 1612 1547 infra
1645 1513 1735 1548 Port

405 1591 451 1626 de
482 1591 687 1638 Benasque
721 1591 832 1637 (Aug.
867 1591 995 1634 stem!

234 1671 275 1706 B.
309 1671 456 1708 Tozzeri
488 1669 598 1706 Grev.

347 1750 387 1784 ln
424 1754 521 1785 terra
565 1749 744 1795 argillosa
778 1749 812 1784 ce
844 1750 1012 1785 calcarea
1054 1748 1151 1784 circa
1185 1747 1361 1784 Coi-dona
1405 1749 1457 1795 pl.
1490 1749 1560 1785 loc.
1604 1749 1732 1794 (Mart.

403 1840 434 1864 c.
468 1829 552 1875 fr.)!

240 1909 281 1944 B.
314 1913 618 1955 alropurpureum
651 1907 853 1943 Wablenb.

350 1987 390 2021 ln
424 1987 600 2022 arenosis
635 1991 670 2021 et
702 1986 862 2033 rupibus
898 1985 1078 2022 calcareis
1097 1985 1259 2021 Boeiicae
1291 1989 1325 2029 (a
1362 1985 1533 2022 Gadibus
1566 1986 1654 2022 inde
1686 1986 1731 2022 ad

405 2066 589 2102 Malacam
622 2066 804 2112 frequens
838 2066 956 2112 (Vere
989 2076 1020 2101 c.
1053 2065 1095 2101 fr.
1130 2066 1260 2109 mam!

239 2147 280 2182 Β.
314 2151 519 2192 aryenteum
551 2146 592 2181 L.

347 2225 387 2259 In
423 2224 581 2270 rupibus
613 2224 659 2259 ad
692 2224 838 2269 Maiaga
873 2225 975 2268 (Jan.
1009 2235 1040 2259 c.
1072 2225 1154 2268 lr·)!

238 2305 278 2339 B.
309 2304 589 2351 polymorphum
619 2303 681 2338 ΒΓ.
717 2303 750 2338 ὦ
783 2303 872 2340 Seh.

348 2382 436 2417 Port
468 2383 514 2417 dc
548 2382 752 2429 Benasque
788 2393 866 2427 reg.
900 2383 975 2428 alp.
1008 2381 1122 2431 (Aug.
1155 2395 1187 2418 c.
1221 2384 1303 2429 sr.)!

822 2508 1142 2546 Dicranaceoe.

233 2585 379 2623 lxlindia
410 2587 570 2632 crispula
601 2586 714 2629 (Sm.)
749 2585 790 2621 C.
821 2587 930 2623 Mijll.

347 2663 388 2698 ln
418 2664 510 2710 jugo
543 2664 630 2699 Port
662 2665 708 2699 de
741 2664 946 2711 Benasque
978 2666 1091 2711 (Aug.
1116 2677 1146 2701 c.
1180 2666 1262 2709 fr.)1

241 2743 436 2780 Dicranum
467 2746 671 2790 scoparium
703 2744 780 2788 (L.)
814 2743 947 2779 Hedw.

350 2822 391 2857 ln
439 2821 589 2857 erieetis
639 2822 828 2857 montanis
876 2824 922 2858 ad
978 2823 1160 2869 oppidum
1209 2822 1434 2858 Villafranca
1483 2822 1543 2859 del
1594 2822 1726 2858 Vierzo

407 2904 530 2948 (prov.
565 2901 755 2947 Legion.).
816 2902 892 2937 Jul.
926 2913 957 2937 c.
992 2903 1058 2938 fin!
