1919 3199
849 133 927 172 177

242 278 274 301 v.
309 266 535 302 brevissime
568 267 862 316 pedunculatis,
904 267 1130 318 2-3-lloris,
1164 269 1252 305 folio
1286 269 1407 305 florali
1441 269 1636 316 subaequi-

241 344 367 390 longis
400 356 432 381 v.
466 343 720 391 longioribus.

240 420 281 458 In
315 422 500 472 rupibus,
549 423 739 470 praecipue
785 424 1008 473 maritimis,
1059 424 1234 460 Galleciae
1274 425 1360 460 hinc
1392 425 1503 475 inde,
1535 438 1567 461 v.
1601 438 1634 461 c.

295 502 330 537 la
364 500 487 538 Grafia
521 513 578 548 pr.
611 502 774 552 Ferrol,
817 503 1027 552 Betanzos,
1076 503 1108 538 la
1143 503 1317 553 Corufia,
1364 504 1466 552 Tuy,
1514 505 1636 550 Aug.-

297 581 402 627 Sept.
437 591 468 617 c.
502 580 539 615 ss.
573 585 608 616 et
639 580 704 615 fr.!

129 658 243 695 Obs.
303 659 454 695 Forsan
504 670 598 694 nova
646 660 823 710 species,
871 659 1001 695 habitu
1051 656 1092 697 C.
1126 656 1299 708 Nepeloe,
1349 659 1634 697 characteribus

210 737 386 784 plurimis
420 742 455 774 et
482 737 669 784 imprimis
713 738 853 785 calycis
887 737 1079 774 structura
1123 735 1164 774 C.
1198 736 1459 789 memlzoefolioe
1489 739 1633 790 affinis,

209 816 255 852 ab
302 821 463 863 utraque
518 828 605 852 vcro
652 816 771 863 cymis
819 816 1065 866 paucifloriS,
1128 817 1415 854 subsessilibus
1469 818 1633 854 diversa.

206 894 394 940 Ejusdem
443 896 570 931 formae
612 895 810 941 specimen
852 896 965 931 adest
1007 895 1041 930 in
1089 895 1264 931 herbario
1299 896 1488 932 Vahliano
1523 909 1555 933 s.
1591 909 1626 932 n.

208 973 369 1010 Melissa
403 985 480 1020 sp.,
523 974 559 1008 in
591 975 748 1011 Madera
783 975 921 1010 lectum
956 974 1154 1021 (Rathke).

128 1048 170 1088 C.
206 1049 351 1101 Nepeta
382 1053 463 1100 (L.)
497 1052 600 1099 Hffg.
634 1057 683 1088 et.
720 1053 784 1089 Lk.
818 1053 950 1100 (Hisp.
986 1053 1177 1099 Nebeda).

235 1131 485 1181 Montserrat,
521 1131 710 1167 Gibraltar
742 1133 953 1179 (Pourr.l).

129 1206 393 1258 Clinopodz'um
423 1209 577 1259 vulpare
612 1211 650 1246 L.
685 1211 819 1258 (Hisp.
854 1211 1046 1247 Albahaca
1079 1211 1273 1258 silvestre)
1310 1209 1461 1250 Bilbao!
1502 1213 1632 1248 Mont-

235 1292 373 1337 serrat,
409 1289 446 1324 S.
469 1290 584 1326 Pablo
619 1290 666 1325 de
697 1290 853 1327 Montes
888 1291 1094 1337 (Pourr.l).

150 1394 169 1415 „
201 1368 242 1417 β,
274 1366 416 1416 qraci'le
450 1369 562 1418 Lge.,
610 1369 730 1411 caulis
777 1368 1025 1405 adscendens
1072 1381 1105 1405 v.
1141 1369 1322 1420 diffusus,
1370 1381 1388 1405 a
1422 1370 1505 1406 basi
1542 1370 1629 1406 inde

235 1445 544 1496 ramosissimus,
564 1447 742 1493 gracilior
760 1450 796 1481 et
815 1447 993 1482 humilior
1011 1447 1180 1495 (5-10⁴¹)
1202 1460 1315 1495 quam
1344 1449 1464 1484 forma
1492 1449 1629 1496 typica,

236 1524 320 1560 folia
355 1524 524 1575 minora,
566 1525 910 1574 subintegerrima,
942 1526 1087 1562 floralia
1119 1527 1396 1564 verticillastris
1431 1539 1564 1574 parum
1597 1540 1630 1562 v.

234 1602 291 1639 vix
324 1603 519 1653 longiora,
568 1604 823 1640 verticillastri
867 1604 1048 1655 laxiores,
1083 1617 1185 1652 saepe
1219 1606 1440 1655 paucissori,
1489 1606 1630 1642 dentes

235 1681 392 1728 calycini
432 1682 628 1728 longiores
668 1686 704 1718 et
743 1684 1012 1733 angustiores,
1059 1685 1200 1720 corolla
1243 1685 1387 1732 minor,
1437 1685 1526 1721 tubo
1574 1685 1632 1721 vix

237 1764 403 1796 exserto.

237 1838 279 1874 ln
312 1838 479 1887 ericetis,
513 1839 677 1875 collibus
710 1839 850 1886 apricis
884 1846 920 1875 et
937 1841 1157 1877 umbrosis:
1192 1842 1224 1877 la
1255 1842 1378 1878 Grafia
1398 1853 1455 1889 pr.
1478 1843 1631 1888 Ferrol3

293 1916 330 1952 in
364 1917 475 1953 distr.
523 1918 658 1954 Vierzo
701 1918 747 1953 ad
798 1918 998 1954 Carucedo
1050 1925 1086 1956 et
1134 1921 1385 1972 Villafranca,
1433 1922 1632 1958 Manzanal

292 1996 457 2043 (Leon);
492 1997 603 2032 Pinar
635 1997 681 2032 de
716 1996 997 2033 Guadarrama!

129 2075 240 2112 Ohs.
303 2076 483 2119 Quamvis
517 2076 594 2112 haec
626 2077 745 2112 forma
778 2075 905 2121 quoad
957 2075 1126 2113 habitum
1167 2079 1276 2114 valde
1323 2078 1526 2115 dissimilis
1575 2084 1634 2115 est

210 2155 341 2190 formae
360 2154 507 2205 typicae,
541 2155 782 2191 characteres
804 2159 946 2203 tamen,
979 2156 1121 2201 quibus
1141 2157 1186 2193 ab
1213 2157 1283 2193 hac
1316 2157 1632 2207 distingueretur,

210 2232 307 2269 satis
340 2243 475 2279 graves
509 2245 582 2268 non
617 2234 757 2284 inveni,
792 2244 910 2279 quare
944 2235 1115 2271 ulteriori
1149 2235 1311 2271 examini
1344 2236 1631 2282 dijudicandum

209 2311 410 2362 relinquo,
459 2316 583 2348 utrum
617 2312 796 2359 specifice
845 2314 1062 2359 separanda
1096 2313 1145 2349 sit
1177 2325 1223 2349 an
1257 2325 1341 2349 cum
1378 2319 1465 2360 typo
1500 2314 1631 2351 formis

212 2389 452 2427 intermediis
486 2392 769 2438 conjungenda.
835 2391 1052 2438 Specimina
1096 2391 1180 2427 huic
1213 2392 1341 2428 formae
1374 2392 1567 2428 simillima
1601 2398 1636 2429 ct

211 2480 285 2504 non
321 2468 393 2505 nisi
428 2469 527 2506 foliis
562 2470 785 2520 latioribus,
828 2471 910 2506 basi
952 2470 1196 2506 subeordatis
1238 2470 1440 2521 distincta,
1482 2471 1634 2507 nomine

216 2544 433 2597 Cle‘nopodz'c'
463 2549 666 2598 oeyyptiaci
693 2549 728 2584 in
764 2549 938 2586 herbario
972 2549 1160 2585 Vahliano
1195 2554 1455 2586 asservantur.

130 2623 283 2662 Melissa
313 2625 511 2677 officinalis
544 2628 583 2663 L.
618 2627 749 2674 (llisp.
783 2628 981 2678 Torongil,
1014 2628 1100 2675 hoja
1135 2628 1181 2663 de
1214 2628 1366 2674 limon).

242 2705 298 2740 Ad
334 2717 470 2751 pagum
506 2706 606 2752 Seijo
651 2706 827 2742 Galleciae
859 2707 1050 2753 borealis3
1094 2706 1319 2743 Villafranca
1363 2707 1424 2742 del
1477 2706 1634 2743 Vierzo!

215 2783 254 2817 S.
289 2783 403 2819 Pablo
437 2784 484 2819 de
516 2785 669 2821 Montes
703 2781 897 2833 (Pourr.)!
