1929 3277
958 141 980 179 5

227 274 496 311 Caucacanmus
527 274 707 312 ustulatus
741 272 891 326 (Mert)
926 277 1036 311 Kijtz.

341 350 377 389 ln
400 352 554 388 Oceano
575 353 750 389 atlantico
768 353 930 403 (Ferrol,
965 355 1130 398 Corufia)
1158 355 1491 392 etMediterraneo
1510 354 1714 402 (Malaga)!

226 421 664 480 Hypnaea'muscisormis
697 431 849 479 (Wulf.)
882 434 1006 469 Lmrx.

335 510 378 545 In
412 509 565 546 Oceano
599 512 729 547 atlant.
762 523 819 557 pr.
855 512 1087 547 Pontevedra
1122 511 1319 547 Galleciae!

222 589 401 626 Gelidium
432 602 598 626 corneum
630 590 792 633 (Huds.)
828 591 950 625 Lrnrx.

332 669 374 704 In
419 666 572 703 Oceano
619 669 749 704 atlant.
797 670 848 713 (la
896 668 1063 714 Corufia)
1112 672 1148 704 ct
1198 669 1478 705 Mediterraneo
1531 669 1711 718 (Malaga7

390 747 592 792 AlmeriaJX

276 852 303 876 ‚7
334 839 414 864 var.
449 824 485 863 δ.
518 826 565 861 ad
598 837 684 862 oras
719 826 894 863 Galleeiae
927 831 962 862 et
994 827 1206 863 Cantabriae
1239 827 1449 874 frequens!

222 904 467 952 Peyssouellia
497 907 609 943 rubra
641 906 790 951 (Grev.)
823 907 856 942 J.
891 908 960 952 Ag.

330 984 372 1019 In
405 983 686 1021 Mediterraneo
719 985 764 1021 ad
797 985 983 1022 Almeria!

221 1064 261 1100 P.
295 1064 521 1116 Squamaria
554 1063 715 1111 (Gmel.)
748 1065 865 1102 Dcne.

328 1144 371 1178 ln
405 1143 559 1179 Oceano
591 1143 766 1178 atlantico
798 1145 1073 1192 (Portugalete⁷
1108 1142 1279 1192 Gades)!

219 1222 432 1260 Gracicaria
463 1225 708 1271 confervoicles
740 1222 819 1272 (L.)
854 1223 963 1259 Grev.

328 1302 371 1337 In
405 1301 558 1338 Oceano
591 1302 719 1337 auant.
755 1303 805 1346 (la
839 1302 1026 1347 Commo!

218 1381 496 1429 calliblepharis
528 1381 654 1419 ciliata
685 1381 846 1427 (Huds.)
879 1383 992 1417 Kiitz.

328 1461 371 1496 In
405 1460 559 1496 Oceano
592 1462 721 1496 atlant.
755 1461 848 1508 (San
883 1461 1099 1510 Sebastian,
1135 1462 1417 1508 Portugalete)!

216 1542 496 1587 Sphaerococcus
527 1540 818 1589 coronopisolius
845 1539 986 1585 (Good.
1021 1541 1054 1576 ὧ
1087 1541 1278 1585 Woodw.)
1311 1542 1380 1588 Ag.

329 1619 403 1655 San
437 1619 662 1655 Sebastian!

214 1698 468 1746 Nitophyllum
497 1703 709 1736 uncinatum
739 1700 773 1736 J.
806 1700 875 1745 Ag.

324 1777 367 1812 In
401 1777 554 1814 Oceano
588 1778 763 1814 atlantico
797 1779 843 1813 ad
877 1779 951 1814 San
986 1778 1186 1814 Sebastian
1220 1783 1255 1813 ct
1286 1779 1319 1813 la
1353 1778 1525 1815 Corufia!

212 1857 487 1895 Nslaceratum
519 1857 679 1903 (Gmel.)
714 1858 824 1894 Grev.

323 1936 364 1971 In
400 1936 554 1973 Oceano
587 1937 717 1973 atlant.
752 1938 844 1982 (San
879 1936 1102 1985 Seba‘stian7
1145 1935 1310 1980 Corufia)
1351 1940 1387 1972 et
1418 1938 1700 1974 Mediterraneo

379 2015 583 2061 (Malaga)!

210 2095 256 2131 N.
290 2095 479 2132 ocellatum
511 2094 621 2131 Grev.

321 2174 362 2209 In
398 2174 551 2210 Oceano
584 2174 712 2210 atlant.
747 2175 792 2209 ad
826 2175 859 2210 la
893 2174 1068 2212 Corufia!

210 2253 413 2290 Delesseria
443 2254 636 2301 ruscifolia
668 2253 819 2296 (Turn.)
852 2255 977 2289 Lmrx.

319 2333 360 2368 In
396 2331 549 2367 Oceano
582 2332 712 2367 atlant.
746 2333 792 2367 ad
829 2333 921 2378 vigo
956 2332 1151 2368 Galleciae!

210 2411 439 2448 Lomentaria
470 2412 668 2448 articulata
701 2412 863 2455 (Huds.)
893 2412 982 2458 Lgb.

210 2490 248 2525 L.
282 2490 488 2538 lcaliformis
521 2490 682 2534 (Good.)
716 2489 827 2525 Gain.

211 2568 411 2608 Laurencia
442 2569 663 2617 dasyphylla
694 2569 846 2616 (Turn.)
868 2570 977 2606 Grev.

1063 2446 1104 2480 In
1140 2445 1293 2481 Oceano
1327 2446 1503 2482 atlantico
1536 2448 1582 2482 ad
1617 2447 1648 2482 la

1119 2524 1290 2560 Corufia!

213 2648 249 2683 L.
280 2650 499 2696 pinmzlifida
531 2649 690 2693 (Gmel.)
725 2649 848 2684 Lmrx.

318 2729 358 2764 In
392 2727 545 2768 Oceano
593 2728 769 2764 atlantico
817 2727 985 2777 (Gades,
1035 2728 1067 2764 la
1115 2728 1281 2773 Corufia)
1329 2734 1365 2765 ct
1413 2729 1696 2766 Mediterraneo

373 2808 553 2857 (Malaga‚
588 2807 787 2852 Almeria)!
