1919 3199
960 139 1042 180 350

253 280 296 317 Ο.
327 277 504 315 reclinata
534 277 575 326 β,
607 280 728 314 minor
758 276 876 313 Moris
910 276 974 320 (O.
1010 276 1182 312 Cherleri
1215 272 1354 323 Desf.).

364 356 566 405 Aranjuez,
599 356 813 402 Apr.-Maj.
847 352 1040 402 (Pourr.>!

251 461 294 497 0.
330 460 559 496 Cossom‘ana
591 457 720 494 Boiss.
754 461 789 493 et
822 457 929 494 Reut.
972 456 1037 505 (O.
1072 455 1210 492 diffusa
1244 456 1357 493 Coss.
1391 460 1486 505 not„
1530 467 1604 491 non
1638 456 1753 500 Ten.)

361 536 506 573 semina
538 536 660 572 laevial

360 617 400 652 In
434 615 619 662 Hispania
659 614 815 651 australi
857 616 940 651 loco
987 625 1061 650 non
1108 614 1274 650 indicato
1316 614 1524 662 (Schousb.
1564 615 1600 650 in
1644 615 1751 651 herb.

417 695 515 732 hort.
544 695 716 739 Haun.)l

249 811 294 848 0.
326 814 469 846 serrata
498 808 638 847 Forsk.
668 809 709 858 β,
740 809 950 845 intermedia
982 807 1071 844 nob.
1104 805 1172 851 (O.
1191 811 1337 843 serrata
1357 806 1510 844 Cosson
1541 807 1577 842 in
1611 802 1753 852 Bourg.

361 888 411 935 pl.
445 889 519 934 alg.
554 885 683 935 1856,
724 886 845 934 214),
893 885 1150 932 multicaulis,
1198 890 1389 932 prostrata
1422 898 1455 921 v.
1489 886 1752 935 adscendens,

357 967 493 1016 foliola
525 965 802 1002 orbiculari-v.
836 965 1164 1015 obovato-ovalia⁷
1196 968 1299 1012 spica
1329 964 1557 1012 interrupta,
1600 965 1752 1000 demum

359 1046 466 1081 valde
500 1046 689 1090 elongata.
737 1048 882 1081 Semina
908 1044 1104 1090 subduplo
1129 1043 1274 1079 minora
1303 1055 1415 1090 quam
1437 1043 1474 1079 in
1497 1043 1753 1092 praecedente,

359 1124 764 1170 granulato-punctata
801 1127 876 1158 tota
910 1124 1037 1169 planta
1072 1122 1488 1172 glanduloso-viscida,
1522 1121 1750 1158 atrovirens.

359 1203 414 1238 Ad
449 1202 571 1239 littora
612 1214 775 1239 arenosa
810 1202 953 1238 Oceani
1000 1201 1174 1248 pluribus
1224 1202 1316 1238 locis
1351 1201 1528 1238 Galleciae
1568 1200 1750 1247 abundat,

414 1293 446 1318 v.
480 1292 511 1318 c.
547 1281 689 1331 Cobas7
723 1282 756 1317 la
791 1281 940 1317 Coruffia
975 1283 1071 1316 etc.l

276 1383 386 1419 Obs.
450 1382 530 1418 Cel.
565 1385 704 1421 Cosson
734 1384 832 1430 (not.
871 1384 921 1429 pl.
956 1382 1036 1418 crit.
1073 1382 1109 1430 1,
1144 1393 1180 1428 p.
1213 1380 1284 1427 35)
1318 1383 1362 1420 0.
1385 1383 1629 1418 Dehnhardtii
1660 1381 1753 1418 Ten.

358 1462 403 1497 ab
447 1464 490 1500 0.
522 1467 665 1500 serrata
700 1462 829 1497 Forsk.
873 1461 1068 1510 distinxit,
1121 1464 1157 1495 et
1204 1472 1332 1496 revera
1381 1461 1494 1507 hujus
1542 1460 1752 1507 specimina

357 1541 553 1587 originalia
603 1537 796 1576 Forskalei
841 1544 876 1575 et
922 1539 1119 1586 specimen
1162 1539 1388 1585 Algeriense
1435 1539 1542 1574 hisce
1589 1529 1752 1585 prorsus

358 1619 483 1655 simile
522 1619 657 1664 (Coss.
689 1619 725 1655 in
760 1619 901 1664 Bourg.
943 1619 992 1665 pl.
1027 1619 1154 1665 Alger.
1201 1617 1307 1657 1856
1339 1619 1404 1654 Nr.
1440 1617 1536 1662 142)
1583 1616 1752 1653 habitum

356 1699 464 1734 valde
497 1698 662 1735 alienum
694 1698 874 1734 exhibent
906 1698 951 1733 ab
985 1698 1270 1744 exemplaribus
1305 1700 1347 1737 O.
1383 1699 1627 1734 Dehnhardtii
1657 1696 1751 1732 Ten.

358 1789 440 1824 quae
512 1777 586 1813 vidi
660 1777 928 1825 canariensia,
1004 1777 1250 1812 mauritaniea
1326 1781 1362 1812 et
1434 1776 1574 1812 italica.
1677 1775 1752 1811 Sed

359 1857 485 1902 planta
518 1868 536 1891 a
570 1867 628 1892 me
660 1856 697 1891 in
732 1856 898 1892 Gallecia
940 1857 1141 1892 observata
1182 1867 1252 1891 nec
1292 1867 1365 1891 non
1409 1855 1618 1902 specimina
1652 1866 1671 1890 a
1704 1855 1751 1890 cl.

361 1936 489 1972 Kralik
534 1935 581 1970 ad
627 1935 696 1970 Ain
739 1935 843 1970 Sefra
884 1935 1042 1981 Algeriae
1089 1936 1184 1970 lecta
1234 1939 1270 1970 et
1317 1935 1468 1969 nomine
1517 1933 1563 1969 Ο.
1597 1937 1753 1969 serratae

358 2013 510 2060 (Coss.)
542 2013 579 2049 in
598 2013 889 2050 collectionibus
911 2013 1155 2060 Bourgaeanis
1188 2012 1331 2064 (1856,
1351 2014 1396 2048 N.
1415 2013 1514 2056 214)
1548 2012 1751 2049 distributa

358 2092 482 2128 locum
530 2096 660 2129 exacte
705 2092 975 2130 intermedium
1022 2092 1119 2128 inter
1171 2093 1240 2128 has
1288 2093 1384 2128 duas
1432 2093 1573 2128 formas
1621 2096 1752 2127 tenere

357 2171 515 2209 videtur.
578 2175 623 2210 0.
648 2178 790 2208 serrata
828 2172 991 2216 genuina
1027 2171 1153 2207 differt
1184 2183 1204 2206 a
1237 2175 1368 2207 nostra
1402 2171 1542 2207 foliolis
1575 2170 1752 2217 angusti-

358 2251 518 2300 oribus,
566 2250 943 2302 ovali-linearibus,
1002 2251 1161 2287 floribus
1208 2250 1474 2297 fructibusque
1521 2249 1749 2298 minoribus,

358 2329 496 2376 calycis
530 2329 676 2366 laciniis
708 2330 1012 2380 angustioribus,
1046 2330 1151 2377 apice
1187 2330 1395 2375 1-nerviis;
1430 2329 1472 2365 Ο.
1508 2329 1751 2365 Delmhardtii

358 2420 445 2444 vcro
477 2409 621 2444 recedit
652 2409 759 2444 caule
792 2409 948 2458 altiore,
991 2413 1141 2458 erecto,
1175 2408 1314 2444 foliolis
1347 2407 1748 2456 elliptico-obovatis‚

358 2486 517 2523 [loribus
550 2487 921 2533 spicato-congestis
954 2492 988 2523 et
1020 2500 1064 2524 ex
1098 2487 1358 2534 descriptione
1390 2486 1554 2522 Tenorei
1586 2486 1748 2532 insuper

358 2567 486 2601 colore
525 2566 663 2612 plantae
704 2566 960 2616 luteo-viridi,
1011 2566 1224 2602 seminibus
1266 2565 1391 2612 pictis.
1469 2564 1590 2600 Facile
1636 2563 1750 2610 igitur

359 2645 580 2693 crederem,
628 2644 696 2680 bas
738 2644 914 2694 plantas,
961 2645 1061 2680 inter
1106 2656 1202 2691 quas
1242 2644 1381 2680 limites
1423 2647 1548 2688 certos
1579 2642 1748 2679 invenire

359 2734 525 2771 nequeo5
559 2727 637 2759 tres
669 2723 811 2759 formas
845 2724 1018 2770 ejusdem
1053 2723 1196 2769 speciei
1229 2734 1339 2770 esse,
1382 2721 1494 2758 variis
1528 2721 1747 2757 nominibus

360 2801 591 2848 descriptas.
680 2802 915 2848 Magnopere
962 2802 1264 2837 desiderandum
1312 2806 1394 2849 est,
1456 2800 1746 2836 observationes

360 2879 562 2916 ulteriores
608 2880 644 2915 in
693 2881 832 2926 plantis
894 2880 985 2915 vivis
1031 2885 1070 2915 ut
1116 2880 1364 2916 instituantur
1409 2891 1429 2914 a
1475 2879 1662 2915 botanicis
1709 2878 1744 2914 in
