1919 3199
993 119 1073 158 136

277 254 480 289 Centaurea
516 251 751 288 Willlcommii
783 253 938 288 Schultz
972 253 1056 299 Bip.
1092 254 1240 297 (Willk.
1273 255 1413 291 Enum.
1448 266 1484 300 p.
1503 253 1589 297 26).

388 329 528 364 Puerto
562 330 609 364 de
641 331 675 364 la
707 330 940 376 inquisicion
961 333 1086 376 (prov.
1105 330 1242 378 Jaen);
1276 331 1402 367 Sierra
1420 332 1545 367 Elvira
1566 333 1603 368 ss.
1622 328 1791 377 granat.!

276 408 316 444 C.
349 407 500 443 limbata
533 407 598 443 Lk.
632 412 667 442 et
702 407 801 453 Hffg.
838 409 873 444 ss.
908 409 1064 453 Portug.
1097 410 1173 443 tab.
1207 409 1273 446 97.
1322 410 1432 454 (Lge.
1467 420 1548 446 exs.
1582 411 1650 445 Nr.
1682 408 1792 455 264).

387 487 429 521 In
469 484 652 531 collibus,
703 485 856 520 ericetis
899 485 1098 531 pratisque
1139 486 1253 521 siccis
1288 486 1467 521 Galleciae
1499 487 1586 522 hinc
1618 487 1709 522 inde
1742 488 1791 533 (la

447 562 613 609 Corufia,
649 562 846 611 Santiago,
883 564 1002 613 Lugo,
1052 564 1304 609 Valdomar);
1354 568 1390 599 et
1422 576 1542 610 prope
1576 566 1794 600 Santander

447 640 679 676 Cantabriae!

276 718 391 753 obs.
453 718 670 763 Descriptio
704 723 739 753 et
771 719 892 763 figura
934 720 972 756 C.
1015 721 1152 756 Hanrii
1190 721 1299 754 Jord.
1347 721 1458 766 (obs.
1493 719 1625 764 fragm.
1661 719 1707 766 V,
1755 731 1792 764 p.

331 796 384 834 70
415 800 440 830 t.
473 795 501 833 4
534 796 580 841 B)
612 797 711 831 bene
745 808 828 831 cum
864 797 991 842 planta
1027 802 1157 832 nostra
1191 798 1391 843 convenitg
1439 798 1473 833 si
1512 809 1599 832 vero
1633 797 1794 832 investi-

327 873 481 918 gatione
500 874 680 909 ulteriore
699 874 1007 923 confirmaretur,
1043 876 1212 920 plantam
1233 875 1364 911 Galliae
1386 875 1569 911 australis
1588 876 1634 910 ab
1657 875 1794 920 hispa-

333 951 419 986 nica
461 963 535 986 non
579 952 749 1000 differre,
800 963 937 987 nomen
989 953 1231 1002 Linkianum,
1282 958 1321 988 ut
1367 953 1582 1001 antiquius,
1629 964 1794 988 conser-

329 1030 495 1064 vandum
529 1030 612 1065 erit.
674 1031 806 1065 Planta
840 1030 1042 1076 hucusque
1086 1042 1217 1076 parum
1252 1032 1402 1076 cognita
1437 1035 1532 1079 erat,
1566 1035 1603 1067 et
1634 1042 1654 1066 a
1690 1031 1794 1066 Can-

333 1108 461 1142 dolleo
497 1119 701 1153 perperam
733 1108 768 1142 in
804 1108 977 1143 sectione
999 1108 1289 1154 Lopholomatis
1323 1109 1474 1154 posita3
1509 1109 1712 1144 manifeste
1746 1109 1791 1143 ad

331 1185 575 1231 Acrolophos
634 1186 822 1233 pertinet,
880 1190 916 1220 et
953 1191 1044 1231 post
1091 1188 1128 1223 C.
1178 1190 1368 1223 dissectam
1422 1187 1516 1222 Ten.
1563 1187 1643 1231 (cui
1691 1186 1792 1221 haud

332 1264 549 1309 dissimilis)
583 1264 822 1299 collocanda.

275 1369 295 1390 „
343 1343 383 1393 β,
430 1344 683 1379 melanosticta
731 1342 836 1388 nob,
879 1341 1055 1377 differta
1089 1342 1207 1377 forma
1249 1343 1394 1387 vulgari
1435 1343 1611 1378 caulibus
1655 1343 1794 1377 erectis

389 1420 674 1467 gracilioribus,
722 1419 896 1454 calathiis
931 1420 1161 1466 minoribus,
1195 1420 1411 1466 appendice
1444 1421 1518 1456 late
1552 1420 1790 1467 triangulari,

389 1504 495 1546 atra,
543 1509 675 1544 parum
725 1498 976 1543 decurrente,
1024 1498 1122 1533 ciliis
1170 1498 1412 1533 latitudinem
1460 1498 1687 1544 appendicis
1733 1497 1792 1533 vix

388 1577 650 1624 aequantibus,
684 1587 868 1611 mucrone
902 1576 1091 1611 terminali
1124 1576 1222 1611 ciliis
1254 1576 1313 1610 vix
1346 1577 1535 1622 longiore,
1584 1576 1792 1612 trifurcata.

386 1654 510 1699 Prope
543 1665 681 1700 pagum
716 1655 890 1689 Sobrado
925 1654 971 1688 de
1004 1654 1146 1698 Aguiar
1179 1653 1355 1689 Galleciae
1388 1654 1461 1700 (24
1491 1655 1567 1691 Jul.
1599 1666 1631 1690 c.
1667 1652 1746 1699 ss.)!

275 1734 314 1769 C.
346 1735 553 1769 micrantha
587 1732 652 1767 Lk.
687 1735 720 1766 ἅ
753 1731 856 1777 Hffg.
891 1733 927 1767 ss.
965 1733 1064 1767 Port.
1098 1734 1147 1781 ll,
1183 1744 1218 1778 p.
1251 1732 1335 1770 220
1366 1732 1429 1779 (C.
1451 1732 1664 1778 paniculata
1687 1733 1790 1767 Brot.

391 1811 427 1845 ss.
460 1811 566 1845 lusit.
601 1821 675 1845 non
706 1811 783 1855 L.).

388 1889 428 1923 ln
463 1888 625 1934 rupibus
658 1888 704 1922 ad
739 1888 966 1933 oppidulum
991 1889 1071 1933 Tuy
1091 1888 1269 1923 Galleciae
1302 1888 1568 1923 meridionalis
1602 1887 1671 1930 (25
1691 1890 1790 1933 Aug.

443 1977 474 2001 c.
511 1967 547 2000 ss.
581 1970 618 2000 et
649 1966 731 2009 fr.)l

274 2043 389 2079 obs.
449 2044 582 2078 Planta
616 2055 634 2078 a
667 2055 728 2079 me
762 2044 858 2079 lecta
892 2044 1145 2090 descriptioni
1178 2046 1316 2089 plantae
1351 2043 1577 2078 Lusitanicae
1599 2043 1620 2077 Ι.
1641 2054 1672 2078 c.
1694 2043 1792 2078 datae

332 2122 473 2168 optime
507 2122 725 2170 respondit,
760 2122 834 2158 nisi
867 2123 970 2168 quod
1003 2122 1064 2157 illa
1097 2133 1224 2157 annua
1250 2133 1341 2157 esse
1361 2121 1512 2168 dicitur,
1547 2121 1636 2156 dum
1657 2126 1789 2156 nostra

331 2201 515 2245 perennis
548 2212 578 2235 v,
614 2201 751 2235 saltem
786 2200 937 2235 biennis
978 2200 1140 2235 videtur.
1202 2201 1260 2235 Ab
1293 2200 1396 2234 affini
1417 2202 1456 2236 C.
1483 2200 1633 2235 limbata
1665 2197 1793 2233 differt

332 2279 448 2313 ramis
483 2278 716 2327 divaricatis,
752 2278 998 2323 paniculatim
1033 2283 1120 2322 (nec
1155 2277 1654 2324 corymboso-Jdispositis,
1688 2277 1792 2328 cala-

331 2357 422 2391 thiis
456 2358 542 2402 plus
577 2358 695 2402 duplo
729 2357 960 2404 minoribus,
994 2355 1429 2403 elliptico-cylindricis,
1464 2355 1547 2390 basi
1566 2355 1790 2402 attenuatis,

330 2434 547 2480 appendice
590 2434 808 2483 pallidiore,
859 2434 1013 2469 brevius
1053 2434 1192 2480 ciliata,
1240 2444 1424 2467 mucrone
1465 2432 1655 2467 terminali
1688 2431 1790 2467 brevi

332 2512 448 2556 (ciliis
468 2512 527 2547 vix
546 2512 752 2559 longiore),
788 2516 928 2556 erecto,
963 2523 1088 2557 pappo
1107 2510 1263 2545 acbaenii
1288 2510 1528 2554 longitudine
1548 2512 1634 2553 (nec
1653 2510 1789 2544 eodem

331 2590 492 2625 dimidio
525 2589 729 2632 breviore).
790 2590 924 2632 Quoad
959 2590 1116 2624 sormam
1150 2594 1186 2623 ct
1217 2587 1519 2633 magnitudinem
1538 2587 1791 2622 calathiorum

333 2678 417 2701 cum
447 2669 484 2703 C.
519 2668 719 2703 castellana
748 2668 793 2703 Β.
827 2667 922 2703 &R
955 2667 1145 2714 convenit,
1179 2666 1247 2700 sed
1283 2669 1419 2710 proeter
1453 2669 1563 2699 notas
1601 2664 1791 2699 indicatas

333 2744 615 2789 appendicibus
648 2744 784 2793 fuscis,
817 2744 913 2779 ciliis
947 2749 983 2779 et
1016 2754 1198 2778 mucrone
1230 2742 1420 2777 terminali
1454 2744 1572 2777 multo
1606 2741 1793 2777 breviori-

334 2822 410 2857 bus
445 2827 480 2856 et
513 2822 681 2868 deniqne
716 2822 845 2857 habitu
879 2832 1042 2867 prorsus
1075 2822 1199 2856 alieno
1233 2820 1414 2855 distincta
1448 2825 1521 2855 est.
