1929 3277
971 152 1022 191 12

755 286 795 325 3.
856 287 1200 325 Marchantieae.

250 366 456 403 Lunularia
485 365 651 412 vulqaris
681 365 797 402 Mich.

358 444 400 479 In
433 444 593 490 rupibus
626 444 808 480 calcareis
840 446 886 480 ad
921 445 952 480 la
985 445 1154 491 Albayda
1187 456 1243 492 pr.
1279 444 1454 481 Cordoba
1488 445 1560 493 (20
1584 445 1741 490 Mart.)!

248 523 529 570 Flayiochasma
550 525 707 560 -Aitom'a
749 524 871 569 Ldbg.
905 524 939 559 ὦ
971 524 1016 559 N.
1050 525 1094 559 E.

358 603 400 637 ln
442 607 539 637 terra
578 603 972 649 calcareo-argillosa
1012 604 1110 639 inter
1144 578 1327 641 Murciam
1368 605 1499 640 urbem
1535 608 1571 640 et
1602 605 1740 641 rudera

414 681 511 718 arcis
541 682 816 728 Monteagudo.
854 683 925 728 (18
956 684 1090 728 Nov.)!

249 763 289 798 P.
324 763 613 798 Roussellianum
643 762 788 808 Montg.
824 761 880 809 (22)

357 842 398 877 In
432 841 591 888 rupibus
625 841 830 878 schistosis
864 842 910 878 ad
929 842 1033 888 Lugo
1055 841 1229 878 Galleciae
1262 845 1362 886 (cum
1381 841 1582 889 Targionia
1616 842 1739 890 hypo-

408 920 551 968 phylla)
586 921 654 966 (29
685 922 802 968 Jul.)!

247 1000 448 1047 Taryionia
479 1001 705 1049 hypophylla
738 1002 777 1037 L.

356 1080 398 1115 In
432 1084 530 1116 terra
563 1081 941 1127 argilloso-calcarea
964 1093 1082 1129 prope
1107 1081 1283 1118 Cordoba
1303 1080 1470 1128 alibique
1494 1081 1530 1116 in
1554 1080 1741 1129 Hispania

413 1160 569 1196 australi
589 1161 683 1197 satis
702 1162 884 1208 frequens
905 1162 1079 1207 (Mart.);
1101 1162 1146 1197 ad
1160 1160 1291 1207 oppid.
1305 1161 1408 1206 Lugo
1424 1159 1613 1196 Galleciae.
1644 1161 1742 1196 Jul.l

737 1296 775 1334 4.
835 1298 1249 1344 Junyermannieae.

246 1399 520 1448 Sarcoscyphus
553 1399 731 1437 Ehrhartz·
764 1399 879 1436 Cord.
913 1411 988 1435 var.
1021 1402 1199 1437 ustulata.

355 1477 477 1524 Prope
516 1489 653 1524 pagum
687 1479 719 1514 la
754 1478 968 1515 Castellana
1004 1479 1178 1516 Galleciae
1211 1478 1252 1522 (3
1284 1474 1419 1525 Aug-ss

242 1556 443 1594 Alicularia
474 1560 628 1595 scalaris
660 1558 823 1605 (Hook.)
858 1558 973 1595 Cord.

354 1639 394 1673 In
429 1637 589 1684 rupibus
625 1638 823 1674 maritimis
863 1639 910 1674 ad
950 1639 984 1674 la
1020 1638 1195 1690 Corufia,
1248 1639 1285 1674 in
1319 1650 1416 1686 pago
1450 1638 1484 1674 la
1521 1638 1738 1675 castellana

409 1716 576 1764 alibique
610 1718 799 1754 Galleciae.
863 1721 982 1764 Aug.l

242 1797 429 1843 Scapania
459 1802 563 1834 curta
595 1798 742 1844 (Mart.)
775 1799 822 1833 N.
856 1799 901 1834 E.
1004 1800 1045 1834 In
1080 1798 1239 1845 rupibus
1274 1798 1471 1833 maritimis
1511 1799 1557 1834 ad
1598 1798 1631 1834 la
1662 1798 1738 1834 Co-

243 1877 280 1912 S.
313 1883 501 1923 compacta
531 1876 681 1925 (Roth.)
717 1877 836 1923 Ldbg.
1087 1882 1178 1915 rufia
1211 1878 1284 1926 (1Ο
1315 1876 1450 1923 Aug.)!

242 1955 279 1990 S.
312 1956 490 1992 undulata
521 1957 571 1992 M.
606 1956 640 1991 ὢ
671 1957 716 1992 Ν.
749 1969 829 1993 var.
861 1960 992 1994 minor.

355 2034 446 2069 Cum
481 2036 672 2081 prioribus
707 2041 743 2072 et
773 2037 808 2072 in
835 2041 962 2073 monte
983 2037 1068 2073 Pico
1103 2037 1221 2083 Sagro
1256 2036 1430 2073 Galleciae
1463 2035 1532 2080 (21
1565 2037 1703 2082 Aug.]!

240 2114 526 2160 Junqermanm'a
559 2116 721 2152 albicans
754 2117 793 2151 L.

351 2195 391 2229 Iu
425 2194 618 2230 umbrosis
653 2195 698 2230 ad
735 2196 852 2244 Lugo,
895 2196 941 2231 ad
984 2207 1120 2243 pagum
1156 2195 1282 2231 Cobas
1317 2207 1373 2241 pr.
1408 2195 1535 2231 Ferrol
1567 2194 1736 2241 alibique

410 2272 603 2309 Galleciae!

243 2350 473 2399 Lophocolea
505 2355 688 2389 bidentata
719 2353 802 2399 (L.)
837 2353 882 2388 N.
916 2354 960 2388 E.

354 2431 409 2465 Ad
444 2431 568 2467 sontes
602 2444 720 2479 prope
754 2443 891 2479 pagum
925 2432 1096 2469 Donifios
1132 2431 1307 2468 Gallec'iae
1338 2433 1420 2468 hor.
1455 2432 1524 2475 (16
1558 2432 1707 2478 Sept.]!

243 2511 455 2557 Saccoqvsna
485 2511 680 2548 viticulosa
711 2513 786 2555 (L.)
819 2513 931 2547 Dum.
965 2513 1004 2561 β,
1036 2510 1168 2548 minor.

355 2589 393 2624 Iu
428 2590 587 2636 rupibus
621 2591 818 2627 maritimis
852 2592 897 2626 ad
931 2592 964 2626 la
999 2591 1147 2627 Corufia
1181 2590 1249 2637 (10
1281 2590 1417 2636 Aug.)!

244 2670 472 2706 Trichocolea
508 2670 725 2707 Tomentella
756 2670 912 2716 (Ehrh.)
944 2671 990 2706 N.
1024 2671 1068 2706 E.

352 2751 391 2785 ln
426 2749 618 2785 umbrosis
659 2749 824 2785 humidis
864 2750 908 2784 ad
951 2761 1088 2796 pagum
1123 2751 1275 2785 Doricos
1310 2748 1486 2786 Galleciae
1519 2748 1587 2794 (23
1617 2750 1732 2794 Jul.)l

242 2829 409 2876 Lejetmia
439 2829 689 2876 serpylltfolia
720 2828 887 2872 (Dicks.)
920 2828 1001 2864 Lib.

353 2907 390 2941 ln
425 2907 583 2953 rupibus
617 2908 662 2941 ad
696 2907 851 2951 Bilbao;
884 2907 918 2941 in
954 2912 1080 2943 monte
1114 2908 1198 2943 Pico
1232 2908 1350 2953 Sagro
1372 2908 1547 2943 Galleciae
1578 2908 1731 2954 (Aug.)l
