1919 3199
849 152 929 195 355

149 294 295 339 Cytisus
327 294 430 329 albus
462 292 540 336 (L.)
574 293 679 326 berb.
714 291 870 327 Pourr.l
905 290 1010 326 Link.

262 370 427 406 Gallecia
483 369 684 415 (Pourr.‘)!
740 368 890 405 Orense
943 367 1220 415 (Ruiz-Pons)l
1270 367 1396 410 Lug03
1455 363 1652 409 Congosto

317 450 483 493 (Leon)l
516 449 554 484 S.
587 449 704 484 Pablo
738 448 784 483 de
816 447 968 484 Montes
1002 444 1196 491 (Poursjfl

145 540 190 577 Ὀ.
226 540 437 576 Fontanesii
469 538 608 585 Spach.
643 538 852 583 (Spartium
887 536 1060 571 bissorurn
1095 533 1233 581 Dess.).

262 618 416 654 Medina
450 616 605 652 Sidonia
640 615 888 661 (Sebousb.)!
927 614 962 649 in
997 613 1161 649 collibus
1195 612 1296 647 florae
1329 610 1587 657 granatensis,
1622 621 1654 643 v.

319 707 349 731 c.
378 695 502 730 Sierra
527 694 665 742 Elvira,
700 693 790 729 Silla
821 693 881 728 del
908 693 1033 739 Moro,
1070 691 1183 726 Pinos
1214 690 1261 725 de
1285 690 1401 738 Jenil,
1431 690 1521 735 Apr.
1541 700 1574 723 e.
1596 688 1655 724 ss.l

180 774 290 809 Obs.
325 774 483 820 Species
518 774 595 808 haec
634 785 652 808 a
697 771 894 818 plerisque
928 770 1045 816 Cytisi
1087 769 1294 815 speciebus
1337 767 1540 812 insigniter
1584 766 1657 801 dif-

263 851 347 900 fert,
382 856 418 887 et
450 856 609 897 propter
642 851 831 897 legumina
866 848 1006 895 brevia,
1041 847 1409 893 elliptico-obovata,
1443 844 1657 880 seminibus

265 930 395 976 paucis
423 930 623 980 instructa,
658 930 773 965 flores
801 926 1321 971 subumbellato-congestos
1348 929 1484 970 (quare
1518 935 1655 959 nomen

262 1009 427 1057 bisloroe,
475 1011 522 1045 ob
556 1011 593 1047 C.
626 1007 795 1058 bislorum
829 1005 1006 1041 Heritieri
1038 1005 1199 1051 insuper
1236 1005 1477 1051 ambiguum,
1526 1012 1657 1048 parum

263 1087 459 1133 convenit)
507 1099 668 1123 unacum
716 1088 753 1124 C.
792 1086 1025 1122 heterochroo
1074 1084 1186 1119 Wbb.
1234 1082 1362 1118 forsan
1413 1080 1658 1127 subspeciem

265 1164 382 1211 Cytisi
415 1166 513 1201 bene
545 1165 738 1201 definitam
772 1165 940 1201 sisteret.

152 1255 190 1292 C.
223 1254 456 1302 sessilifolius
491 1256 528 1290 L.

268 1333 447 1378 Igualada
480 1334 670 1376 (Pourr.)!

155 1423 383 1468 Calycotome
413 1426 564 1470 spinosa
597 1423 672 1466 (L.)
705 1422 811 1458 Link.
847 1422 978 1468 (Hisp.
1016 1423 1194 1469 Argoma,
1233 1420 1376 1465 Aulaga
1409 1417 1602 1463 spinosa).

269 1502 341 1535 San
375 1501 499 1537 Anton
535 1513 590 1547 pr.
623 1497 793 1547 Malaga!

156 1593 423 1628 sarathamnus
452 1604 619 1640 puryans
650 1591 729 1639 (L.)
762 1590 878 1626 Gren.
913 1594 948 1625 et
982 1589 1100 1625 Godr.

272 1670 447 1705 Badariol
482 1670 679 1716 (Pourr.)l
727 1669 763 1704 in
805 1668 961 1714 regione
1003 1672 1181 1703 montana
1223 1664 1435 1710 (4-5000¹)
1477 1663 1661 1700 montium

327 1747 645 1796 Carpetanorum,
680 1748 876 1793 frequens,
910 1759 941 1781 v.
976 1758 1006 1782 c.
1039 1746 1138 1780 inter
1170 1744 1343 1780 Eseorial
1376 1748 1412 1778 et
1444 1743 1581 1779 Puerto
1616 1742 1662 1777 de

326 1826 603 1875 Navacerrada,
637 1826 779 1871 largam
806 1830 840 1861 ct
864 1825 1082 1861 continuam
1108 1835 1241 1859 zonam
1267 1833 1474 1868 occupans.
1518 1822 1662 1867 (Planta

323 1904 618 1948 foetidissimo!

189 1983 300 2020 obs.
361 1983 461 2018 Folia
502 1982 760 2029 primordialia
800 1980 1112 2028 (cotyledonibus
1148 1980 1336 2027 proxima)
1379 1979 1563 2025 simplicia
1604 1979 1663 2014 in-

270 2061 368 2110 veni,
402 2073 548 2109 neque,
593 2066 632 2096 ut
663 2061 699 2096 in
734 2060 908 2107 pluribus
941 2059 1146 2106 speciebus
1179 2064 1346 2094 ceterum
1380 2057 1480 2093 foliis
1513 2058 1664 2103 simpli-

270 2139 379 2174 cibus
413 2139 565 2175 donatis
600 2142 648 2184 (v.
682 2152 714 2175 c.
747 2139 784 2174 in
818 2139 922 2175 Ulice
956 2138 1157 2184 parvissoro
1192 2142 1228 2172 et
1266 2148 1467 2186 europaeo,
1509 2138 1663 2172 Retama

273 2221 562 2263 monosperma)
597 2222 754 2252 ternata.

160 2310 200 2343 S.
233 2311 426 2354 scoparius
458 2306 546 2353 (L.)
581 2307 703 2342 Koch.
738 2307 870 2352 (Hisp.
904 2307 1060 2341 Retama
1094 2308 1140 2342 de
1173 2307 1369 2350 eseobas).

277 2385 429 2429 Bilbao;
488 2386 589 2431 Lugo
637 2381 827 2429 (Pourr.)!
883 2384 1086 2420 Piedrafita
1134 2384 1334 2431 Galleciae3
1386 2384 1422 2418 in
1471 2384 1665 2419 montibus

332 2463 637 2508 Legionensibus
671 2463 874 2509 frequens;
919 2463 1036 2498 Cerro
1071 2462 1348 2507 Cuelgamoros
1381 2473 1437 2508 pr.
1469 2459 1662 2499 Escorial!

163 2565 203 2599 S.
237 2566 464 2600 cantabricus
499 2563 626 2599 Willk.
661 2564 758 2598 Sert.
793 2574 828 2609 p.
861 2561 928 2600 37.

278 2641 383 2676 Circa
424 2641 555 2676 Bilbao
611 2641 838 2687 (specimina
887 2641 1033 2677 sterilia
1073 2641 1239 2688 ideoque
1286 2641 1385 2676 haud
1435 2640 1518 2677 sine
1565 2640 1667 2676 omni

333 2719 448 2754 dubio
496 2719 785 2754 determinanda
835 2724 958 2755 tamen
1007 2721 1053 2754 ab
1100 2720 1201 2755 omni
1248 2720 1366 2755 forma
1414 2720 1667 2766 praecedentis

332 2797 484 2832 abunde
517 2793 732 2834 disant-tal!

1402 2951 1457 2982 24·
