1929 3277
1033 148 1089 188 20

367 287 478 324 nobis
497 286 711 335 videbatur,
743 289 785 321 ut
816 296 884 332 pro
917 296 1012 320 nova
1046 284 1175 331 specie
1207 283 1315 320 facile
1348 283 1605 334 salutaverim,
1639 284 1672 321 si
1701 285 1812 331 plura

367 365 592 416 specimina,
627 366 839 411 eademque
872 363 993 409 magis
1027 363 1190 412 evoluta,
1222 362 1451 399 adfuissent.
1513 363 1555 399 In
1576 363 1811 400 determina-

367 446 467 482 tione
486 446 626 482 dubius
642 446 806 493 haerens,
827 443 1020 490 specimen
1035 441 1284 478 celeberrimo
1303 442 1347 477 A.
1365 442 1509 492 Braun7
1526 442 1562 478 in
1582 443 1654 479 hoc
1671 455 1812 490 genere

366 525 601 572 peritissimo
634 523 918 571 inspiciendum
952 522 1052 570 misi,
1088 523 1152 569 qui
1184 522 1345 557 formam
1378 521 1619 559 macilentam
1651 523 1695 559 E.
1721 523 1811 560 Tel-

364 604 510 650 matejae
537 614 624 639 esse
650 602 867 639 declaravit.
921 601 1082 645 (Similia
1117 600 1326 648 specimina
1360 600 1531 647 posthaec
1561 601 1601 637 in
1633 602 1811 638 herbario

366 683 440 719 def.
475 682 678 732 Schouwii,
713 682 824 718 variis
859 680 953 717 locis
987 680 1102 717 ltaliae
1136 681 1245 729 lecta,
1277 679 1384 725 vidi).

421 763 462 797 In
503 761 686 809 pomariis
728 759 1028 797 humidiusculis
1068 759 1167 795 inter
1207 759 1382 808 „Fuente
1429 759 1475 794 de
1513 757 1745 796 Avellanos'’
1778 766 1815 797 et

477 840 602 892 „Silla
636 840 696 877 del
715 836 847 877 M0r0’'
879 851 936 887 pr.
972 838 1176 875 Granatam
1211 839 1343 875 urbem
1376 837 1445 883 (13
1463 839 1555 885 Apr.
1588 838 1758 886 fructifJ!

313 922 524 969 Equisetum
556 923 760 958 silvaticum
793 921 833 956 L.

308 1082 353 1118 Ε.

312 1319 353 1356 Ε.

309 1636 353 1672 Ε.

310 1874 355 1910 Ε.

422 1001 480 1036 Ad
513 1001 698 1047 oppidum
734 999 886 1035 Orense
921 998 1097 1035 Galleeiae
1129 997 1407 1044 (Ruiz-Ponsjl

383 1083 548 1128 palustre
578 1081 619 1116 L.

421 1161 461 1196 ln
497 1160 591 1196 locis
625 1159 791 1195 humidis
826 1157 1059 1194 Cantabriae:
1106 1157 1256 1206 Bilbao,
1305 1157 1535 1207 Santander,
1581 1158 1814 1195 Eneinillas!

477 1237 620 1275 Oviedo
655 1237 958 1286 (Ruiz-Pons)!·

387 1330 574 1356 ramosum
605 1317 781 1354 Schleich.
815 1316 923 1366 (Lge.
957 1316 1008 1362 pl.
1042 1315 1156 1361 Hisp.
1191 1326 1271 1351 exs.
1306 1326 1342 1355 n,
1374 1314 1430 1363 3).

419 1398 459 1433 In
481 1396 668 1443 Hispania
687 1396 831 1432 boreali
850 1395 1017 1445 (Bilbao,
1037 1394 1287 1442 Eneinillas),
1307 1393 1466 1429 centrali
1480 1394 1670 1438 (Madrid,
1687 1395 1813 1430 Aran—

473 1476 581 1522 juez)
616 1479 651 1511 et
682 1474 840 1511 australi
867 1474 1044 1524 (Murcia,
1078 1473 1256 1521 Almeria‚
1289 1473 1452 1523 Malanga,
1487 1473 1640 1524 Sevilla7
1674 1474 1813 1510 Puerto

476 1555 522 1590 de
556 1555 633 1590 Sta.
666 1555 824 1598 MariaJ!

388 1636 614 1680 trachyoclon
645 1634 689 1668 A.
723 1633 787 1669 ΒΓ.

418 1714 474 1750 Ad
510 1714 634 1749 littora
668 1723 832 1748 arenosa
865 1710 1034 1747 fluminis
1076 1710 1180 1748 Mifio
1220 1710 1319 1746 inter
1350 1710 1430 1757 Tuy
1463 1709 1640 1747 Galleciae
1673 1711 1706 1749 ὀί
1736 1711 1815 1747 Va-

479 1794 583 1829 lenza
617 1790 822 1828 Lusitanioe
855 1789 924 1838 (25
958 1791 1091 1837 Aug.)!

385 1875 615 1919 variegatam
646 1870 838 1907 Sehleich.

423 1954 463 1988 ln
496 1950 673 1987 arenosis
707 1948 905 1985 maritimis
940 1949 986 1984 ad
1021 1949 1258 1984 Santander!

854 2082 925 2122 Vll.
976 2081 1270 2134 Lycopodiaceae.

309 2188 533 2236 Selayz'nella
564 2186 786 2224 denticulata
816 2185 925 2221 Link.
960 2186 1068 2232 (Lge.
1103 2198 1184 2222 exs.
1220 2198 1255 2224 n.
1292 2186 1343 2231 1).

423 2267 477 2301 Ad
513 2267 628 2301 latera
663 2265 812 2311 rupium
846 2265 1102 2301 calcarearum
1137 2277 1256 2312 prope
1292 2266 1491 2302 Cordoba!

314 2348 558 2394 Lycopoclium
590 2343 725 2391 Selayo
758 2345 799 2379 L.

316 2507 352 2543 L.

315 2664 355 2699 L.

423 2424 590 2460 Achuela
617 2422 713 2467 (Nee
745 2423 782 2458 in
815 2423 922 2458 herb.
957 2422 1184 2469 Boutelou)!

385 2505 564 2542 clavatum
596 2503 636 2540 L.

424 2582 674 2618 Roncevalles
708 2580 860 2628 (Nee.)!

388 2665 601 2700 inundatum
633 2662 674 2697 L.

428 2743 466 2777 ln
524 2740 674 2776 ericetis
730 2739 932 2785 uliginosis
987 2741 1031 2775 ad
1089 2740 1272 2787 oppidum
1332 2741 1433 2787 Lugo
1490 2741 1666 2778 Galleciae
1720 2741 1814 2787 (Jul.

482 2819 654 2864 sructif.)!
