1919 3199
968 162 1052 202 334

281 328 300 348 „
332 300 373 350 β,
405 299 648 346 microphylla
679 300 793 334 Kutz.

366 379 408 414 ln
441 382 541 414 terra
576 377 729 413 humida
763 389 819 424 pr.
854 377 1006 425 Sevilla,
1040 377 1152 413 Mart.
1186 388 1218 413 c.
1251 376 1320 414 fn!

254 460 291 495 C.
324 459 461 504 deflexa
491 459 534 494 A.
554 456 616 494 ΒΓ.
635 455 692 504 (22)
722 467 811 491 var.
828 457 1044 504 hispanica!
1080 454 1146 503 (C.
1166 455 1306 491 reflexa
1325 456 1415 501 Lge.
1440 466 1556 491 mscr.
1584 454 1622 490 in
1649 454 1758 493 herb.

367 535 503 581 1852).

365 616 408 652 In
441 616 589 662 stagnis
622 614 824 651 exsiccatis
857 614 902 649 ad
937 624 1075 660 pagum
1110 613 1394 662 Guadarrama,
1445 612 1495 652 18
1525 613 1614 650 Jun.
1649 624 1680 648 c.
1714 613 1757 649 fr.

422 695 557 739 (forma
590 694 752 739 minor);
800 694 831 728 la
865 692 1067 741 Carolina,
1118 693 1169 732 10
1197 693 1287 739 Maj.
1329 704 1360 728 c.
1394 693 1437 731 fr.
1480 690 1618 742 (fornia
1651 692 1759 727 elon-

422 778 523 822 gata,
556 770 755 818 fluitans)!

404 855 409 860 '
450 852 584 888 Differt
615 852 743 898 planta
777 862 794 886 a
828 862 887 886 me
919 851 955 886 in
990 850 1177 897 Hispania
1211 851 1414 886 observata
1447 862 1466 886 a
1499 849 1760 896 descriptione

367 931 409 968 C.
444 932 599 967 dessexae
638 930 770 977 typicae
809 931 873 974 (cf.
918 929 1184 977 Hegelmaier,
1218 941 1393 975 monogr.
1435 928 1579 965 Callitr.
1621 941 1657 975 p.
1692 927 1760 973 58)

366 1011 472 1058 stylis
503 1009 776 1058 fugacissimis,
808 1012 988 1057 fructibus
1021 1009 1230 1056 maj0ribus
1264 1008 1544 1055 (magnitudine
1572 1008 1760 1044 fructuum

370 1090 411 1126 C.
444 1100 581 1137 vernae,
616 1089 750 1124 saltem
784 1100 858 1123 non
892 1089 1036 1124 minimi
1069 1087 1254 1137 dicendi),
1294 1089 1506 1135 pedunculis
1537 1086 1612 1125 4-5
1645 1086 1761 1123 milli-

367 1172 477 1205 metr.
520 1168 668 1216 longis,
716 1168 824 1203 valde
865 1167 1025 1203 deflexis
1068 1173 1104 1203 et
1143 1168 1180 1203 in
1227 1167 1316 1202 limo
1363 1166 1641 1202 nidulantibus.
1718 1166 1760 1200 ln

368 1248 486 1283 forma
513 1251 651 1284 minore
668 1247 798 1282 caules
818 1247 969 1294 breves,
1004 1246 1200 1295 prostrati,
1234 1257 1302 1292 per
1334 1250 1453 1290 totam,
1482 1245 1761 1291 longitudinem

369 1326 603 1374 radicantes,
636 1326 723 1361 folia
758 1325 883 1361 omnia
917 1325 1148 1372 spathulata.
1209 1325 1350 1360 Forma
1383 1325 1556 1372 elonyata
1587 1323 1761 1359 caulibus

369 1405 634 1453 filiformibus,
682 1404 781 1440 foliis
831 1404 1076 1440 inferioribus
1128 1403 1462 1439 lineari-cuneatis
1510 1402 1762 1450 discernitur,

376 1489 542 1519 ceterum
585 1484 739 1519 omnino
781 1483 931 1520 similis.
1008 1484 1048 1518 ln
1089 1485 1128 1521 C.
1158 1484 1406 1530 pedunculata
1441 1482 1545 1532 DC.,
1596 1486 1762 1518 ceterum

371 1563 489 1612 affini,
523 1563 667 1599 fructus
700 1568 891 1599 structura
924 1563 1037 1609 longe
1072 1563 1222 1598 diversa
1255 1568 1327 1597 est.

457 1642 544 1678 Haec
585 1642 735 1689 species
776 1643 976 1688 hucusque
1016 1653 1090 1677 non
1136 1641 1209 1677 nisi
1250 1640 1285 1676 in
1319 1640 1492 1676 America
1541 1640 1636 1675 lecta
1683 1638 1764 1688 fuit,

371 1732 454 1756 cum
489 1725 615 1756 autem
648 1722 778 1768 plures
801 1721 1041 1757 Callitriches
1075 1721 1229 1767 specics
1264 1721 1375 1756 latam
1409 1730 1535 1755 aream
1561 1721 1763 1766 occupant,

371 1811 526 1836 causam
560 1812 635 1836 non
668 1800 799 1850 video,
833 1812 897 1836 cur
929 1805 1086 1847 propter
1118 1801 1225 1835 locos
1268 1801 1413 1835 natales
1456 1797 1615 1833 invicem
1656 1796 1766 1831 valde

374 1879 563 1915 distantes
597 1879 643 1914 de
676 1879 875 1915 identitate
908 1880 1045 1926 plantae
1064 1889 1155 1914 meae
1174 1890 1258 1914 cum
1280 1878 1320 1914 C.
1341 1878 1488 1913 deflexa
1509 1875 1632 1922 typica
1651 1874 1765 1910 dubi-

374 1962 516 2007 tarem,
564 1969 582 1992 a
624 1969 696 2004 qua
738 1957 793 1993 vix
836 1958 967 2004 plures
1009 1969 1077 1993 nec
1109 1957 1303 2003 graviores
1338 1956 1574 1992 differentias
1608 1954 1765 2002 praebet,

376 2049 488 2084 quam
522 2041 561 2072 ut
593 2048 677 2072 cum
712 2037 845 2073 eadem
878 2036 1068 2072 varietatis
1102 2036 1254 2072 nomine
1288 2035 1468 2082 conjungi
1501 2033 1640 2081 possit.

263 2119 303 2156 C.
337 2122 506 2154 truncata
539 2116 657 2152 Guss.
987 2163 989 2166 Α

377 2197 418 2231 In
452 2195 572 2232 canali
607 2195 739 2231 Galliae
779 2193 1187 2230 austro-occidentalis
1227 2193 1364 2242 (Canal
1405 2193 1454 2228 du
1494 2191 1604 2234 Midi)
1647 2201 1767 2237 prope

433 2275 617 2322 oppidum
651 2274 968 2322 Castelnaudary,
1007 2274 1054 2311 11
1086 2274 1174 2309 Jun.
1208 2284 1240 2308 e.
1273 2273 1337 2308 fr.1

813 2406 924 2447 XCVI.
985 2405 1221 2457 Lythrarieae.

271 2513 444 2558 Lythrum
476 2511 663 2549 Salicaria
696 2512 733 2548 L.
767 2511 900 2557 (Hisp.
933 2509 1147 2555 Salicaria).

381 2590 420 2625 ln
457 2590 659 2626 Cantabria
692 2590 737 2625 ad
774 2590 905 2625 Bilbao
939 2593 975 2623 et
1007 2589 1246 2633 Santander3
1278 2587 1314 2623 in
1346 2586 1513 2623 Gallecia
1547 2585 1633 2620 hinc
1666 2583 1771 2632 inde,

438 2680 470 2704 v.
490 2680 520 2705 c.
543 2668 684 2717 Ferrol,
714 2669 918 2718 Betanzos,
952 2666 1118 2717 Corufia,
1154 2666 1349 2715 Santiago,
1385 2667 1510 2712 Lug03
1546 2663 1773 2699 Villafranca

441 2747 501 2783 del
537 2747 686 2795 Vierzo,
719 2747 888 2793 Burgost

277 2828 315 2864 L.
349 2827 609 2873 acutanyulum
641 2826 731 2871 Lag.
764 2824 916 2872 (18163
952 2826 990 2861 L.
1027 2825 1193 2871 Groefferi
1223 2824 1333 2871 Ten.,
1370 2822 1507 2865 1820).

386 2905 428 2940 ln
450 2904 543 2940 locis
563 2904 729 2940 humidis
749 2904 845 2940 circa
865 2904 996 2940 Bilbao
1017 2908 1052 2939 et
1072 2903 1308 2949 Santander3
1332 2902 1367 2937 in
1389 2900 1555 2937 Gallecia
1572 2898 1776 2946 frequens!
