1919 3199
1013 125 1097 165 342

309 263 428 298 Bubus
463 262 620 308 Lejeunii
651 261 761 297 Whe.
795 266 830 297 et
863 262 943 297 NE.

419 341 460 375 ln
509 339 673 376 dumetis
721 344 756 375 et
796 340 842 375 ad
885 351 1000 387 sepes
1041 352 1156 387 supra
1197 339 1391 386 Bagueres
1440 343 1486 377 de
1526 344 1706 395 Luchon,
1753 345 1807 384 20

473 419 548 454 Jul.
583 429 614 454 c.
648 419 705 455 ss.!

309 501 349 534 R.
381 497 622 545 glandulosus
663 497 756 532 Bell.
799 511 844 546 y,
890 499 1113 534 micranthus
1155 496 1271 534 Gren.
1305 504 1340 535 et
1373 499 1491 537 Godr.
1524 498 1588 550 (R.
1621 512 1805 538 rosaceus

421 577 529 612 Whe.
564 580 599 611 et
630 576 743 620 NE.).

419 654 548 690 Vallee
581 655 627 690 de
659 655 785 690 Burbe
818 666 874 701 pr.
908 655 1103 700 Bagneres
1138 655 1184 690 de
1218 656 1389 705 Luchon,
1426 656 1476 694 14
1507 658 1583 694 Jul.
1616 670 1648 694 c.
1683 659 1741 696 ss.l

309 738 348 772 R.
376 737 547 772 horridus
576 735 719 770 Hartm.
747 733 979 781 (Specimina
1007 735 1143 780 plantae
1175 735 1336 771 suecicae
1367 735 1444 772 fere
1477 743 1607 773 exacte
1634 737 1803 785 similia).

416 814 474 850 Ad
507 824 622 860 sepes
659 813 754 848 circa
788 811 983 858 Bagneres
1016 812 1063 848 de
1096 813 1267 862 Luehon⁷
1299 814 1353 852 20
1383 816 1460 851 Jul.
1494 827 1525 852 c.
1559 817 1614 855 ss.!

309 896 350 930 R.
383 894 614 941 corylifolius
648 893 725 927 Sm.

417 973 474 1008 Ad
507 982 623 1018 sepes
656 982 774 1018 prope
809 971 1005 1007 Carucedo
1039 971 1235 1018 (Vierzo)3
1275 972 1550 1024 Guadarrama,
1582 975 1776 1014 Escoriall

307 1054 348 1091 R.
382 1055 507 1088 caesius
541 1051 579 1086 L.

417 1130 506 1166 lrati
538 1129 674 1178 (Nee);
709 1130 963 1178 Portugalete7
995 1128 1227 1167 Encinillas!

307 1213 348 1247 R.
385 1211 556 1247 saxatilis
591 1209 631 1248 L.

418 1291 458 1327 ln
493 1288 682 1338 Pyrenaeis
715 1287 914 1333 Aragoniae
946 1284 1140 1338 (Pourr.)!

934 1391 970 1426 5.
1034 1392 1167 1427 Roseoe.

307 1451 403 1485 Rosa
434 1450 690 1494 spinosis-sima
723 1447 762 1481 L.

417 1527 647 1576 Santander,
680 1522 914 1564 Encinillas!

307 1609 348 1643 R.
381 1606 509 1653 alpina
540 1606 580 1642 L.

416 1684 502 1721 Irati
536 1683 665 1729 (Nee).

305 1766 345 1801 R.
378 1767 630 1811 sempev-virens
664 1764 705 1799 L.

414 1845 454 1879 ln
489 1842 654 1878 dumetis
688 1843 734 1877 ad
768 1842 923 1892 Bilbao,
958 1844 1056 1880 Pefla
1092 1844 1248 1880 Castillo
1283 1856 1339 1891 pr.
1375 1845 1611 1881 Santandert
1652 1845 1805 1881 Dehesa

471 1923 517 1957 de
551 1922 588 1958 S.
621 1921 746 1956 Julian
782 1932 888 1966 regn.
927 1923 1072 1959 Valent.
1107 1922 1297 1970 (Pourr.)!
1332 1923 1491 1959 Sevilla!

305 2004 343 2038 R.
375 2001 603 2052 psilophylla
634 2001 714 2036 Rau
746 2001 806 2043 (R.
839 2001 971 2037 canina
1004 2016 1037 2050 s,
1071 2002 1314 2037 rotundifolia
1348 2002 1447 2049 Ser.)

413 2082 454 2116 ln
496 2081 600 2116 silvis
642 2079 781 2126 apricis
824 2081 869 2116 ad
902 2081 1075 2116 Escorial
1117 2081 1253 2125 (forma
1294 2081 1435 2128 petalis
1477 2080 1613 2130 albis),
1663 2081 1802 2117 Fuente

470 2159 686 2195 Casteltana
720 2171 776 2206 pr.
809 2158 982 2197 Madrid!

303 2241 343 2275 R.
379 2242 508 2275 canina
549 2253 595 2287 α,
642 2238 761 2275 nitida
793 2239 857 2274 Fr.
900 2239 998 2274 foliis
1038 2239 1119 2274 laete
1160 2238 1368 2287 viridibus,
1418 2237 1613 2286 nitidulis,
1660 2237 1800 2274 foliolis

412 2317 603 2353 subtiliter
636 2322 846 2364 arguteque
886 2318 1058 2354 serratis.
1093 2318 1221 2365 (Hisp.
1264 2318 1484 2366 Agabaan
1516 2316 1799 2364 Escaramujo).

413 2397 622 2442 Aranjue23
658 2397 775 2432 Cerro
810 2397 1031 2443 Zumbalejo
1064 2408 1121 2443 pr.
1154 2397 1268 2433 Jaen!

327 2503 346 2523 „
377 2476 418 2524 β7
451 2488 568 2523 opaca
597 2476 663 2512 Fr.
696 2476 795 2512 foliis
829 2475 983 2526 opacis,
1031 2476 1169 2512 subtus
1202 2475 1371 2524 glaucis,
1419 2474 1559 2511 foliolis
1599 2474 1800 2510 latioribus

411 2554 561 2600 parcius
595 2554 767 2590 serratis.

412 2632 696 2676 Guadarrama;
730 2632 906 2669 Albolote
939 2645 995 2679 pr.
1031 2633 1228 2671 Granadat

301 2712 341 2747 R.
374 2712 566 2758 hispanica
598 2711 725 2747 Boiss.
766 2716 802 2747 et
833 2713 943 2748 Reut.
976 2712 1144 2759 (species
1187 2712 1286 2747 inter
1318 2712 1361 2746 R.
1394 2711 1550 2748 caninas
1587 2716 1622 2746 et
1654 2710 1800 2757 rubigi-

412 2801 529 2825 nosas
561 2790 769 2835 ambigua).

410 2867 604 2913 Eseorial;
639 2868 756 2904 Cerro
790 2869 1010 2915 Zumbalejo
1046 2880 1103 2915 pr.
1135 2869 1251 2905 Jaent
