1919 3199
831 112 911 149 147

285 246 409 280 Venta
446 246 492 279 dc
528 245 792 280 Navacerrada
826 244 1047 288 (21Jun.)!
1081 244 1228 279 Eodem
1263 244 1340 278 fere
1373 245 1455 279 loco
1489 248 1625 289 postea

284 323 375 367 legit
407 323 454 356 cl.
489 323 724 367 Bourgeau).

113 401 229 436 Obs.
291 400 452 445 Propter
497 399 660 434 achaenia
707 403 871 434 rostrata
920 399 997 433 haec
1044 398 1197 444 species
1231 403 1332 434 certe
1366 398 1412 432 ad
1445 399 1630 435 Millinam

171 477 352 526 pertinet,
386 478 455 512 sed
490 487 612 522 genus
646 477 732 524 hoc,
766 487 870 511 mere
889 475 1103 525 artificiale,
1138 476 1197 511 vix
1219 476 1526 511 conservandum
1547 480 1627 520 est3

172 554 388 592 differentia
421 555 519 590 enim
552 554 651 589 inter
682 554 851 589 Millinas
887 557 923 588 et
956 553 1165 598 Oporinias
1198 554 1256 588 vix
1288 557 1389 588 tanta
1424 557 1483 588 est
1515 563 1628 598 quam

171 632 272 668 inter
303 633 455 678 species
488 631 610 666 varias
643 642 826 676 generum
845 631 1032 665 Thrinciae
1064 641 1096 665 ν.
1119 630 1428 679 Hypochaeridis,
1464 641 1625 676 quarum

172 710 366 744 nonnullae
398 708 562 744 achaenia
597 712 776 755 rostrata,
824 709 1017 743 nonnullae
1058 708 1220 743 erostria
1262 708 1415 743 liabent.
1447 729 1501 733 —
1533 709 1628 745 Mill.

172 787 503 823 teoncodontioides
522 786 634 821 Cass.
657 785 783 820 differt
814 797 833 819 a
868 790 998 820 nostra
1032 786 1160 820 radice
1179 785 1629 833 grumoso-fasciculata7

171 863 274 899 foliis
307 863 510 913 ellipficis,
559 868 687 898 rostro
720 862 889 898 achaenio
923 863 1112 910 longiore,
1161 864 1275 908 pappi
1309 864 1403 899 setis
1438 863 1520 898 basi
1553 874 1628 898 non

174 941 359 977 dilatatis.
419 943 470 978 M.
502 944 736 986 hyoseroicles
754 940 833 975 DC.
869 951 987 985 scapo
1019 939 1121 975 foliis
1154 941 1268 985 paulo
1303 941 1491 988 longiore,
1526 941 1631 986 peri-

170 1018 285 1054 clinio
318 1019 478 1067 pallido,
525 1018 802 1065 glabriuscuffl,
852 1017 1088 1053 anthoclinio
1138 1018 1321 1063 paleaceo
1369 1018 1630 1062 distinguitur.

172 1095 338 1131 Habitus
370 1100 553 1131 externus
573 1096 727 1142 quidem
748 1095 780 1130 ei
803 1097 841 1130 L.
862 1097 1086 1132 autumnalis
1119 1095 1338 1130 simillimus
1359 1100 1432 1142 est,
1465 1096 1533 1131 sed
1569 1096 1628 1130 hic

174 1173 302 1208 differt
326 1173 455 1219 scapis
474 1174 701 1219 plerumque
729 1173 910 1221 ramosis,
944 1185 1071 1219 pappo
1095 1174 1272 1221 sordido,
1307 1173 1629 1221 12-20-radiato‚

174 1251 371 1297 periclinio
404 1251 461 1286 vix
492 1263 525 1286 v,
553 1252 666 1296 paulo
699 1251 886 1299 longiore,
919 1255 955 1286 et
975 1251 1166 1298 praecipue
1185 1255 1314 1287 rostro
1334 1251 1489 1286 achaenii
1509 1251 1632 1287 nullo.

118 1328 342 1375 Geropoyon
371 1330 498 1374 ylaber
533 1329 570 1363 L.

231 1406 273 1440 ln
308 1406 503 1441 montibus
537 1406 759 1452 Zumbalejo
792 1411 829 1441 et
862 1407 1157 1452 Fuendelapefia
1191 1418 1250 1452 pr.
1281 1407 1376 1441 Jaen
1411 1405 1456 1450 (6
1487 1405 1601 1450 MaiJ!

121 1484 405 1530 Podospermum
437 1485 651 1520 laciniatum
681 1482 762 1530 (L.)
796 1483 873 1518 DC.
908 1484 1045 1529 (Hisp.
1082 1484 1296 1529 Barbajas).

232 1561 398 1613 Burgos,
436 1561 672 1598 Valladolid!
707 1560 941 1597 Crismundo
974 1561 1102 1605 (Cast.
1137 1561 1244 1607 nov.)
1278 1558 1491 1598 Schousb.!

117 1665 140 1686 „
172 1638 212 1688 β,
246 1615 448 1685 ἱαίὶῙορΙῐαοη
481 1639 600 1674 Godr.
635 1644 671 1674 et
704 1639 820 1674 Gren.
861 1640 918 1686 (P.
951 1639 1300 1685 calcitrapaelolium
1333 1639 1441 1674 Koch
1477 1640 1604 1685 Sym).

234 1718 276 1752 In
309 1716 412 1761 agris
444 1717 490 1751 ad
526 1717 731 1752 Granatam
764 1717 918 1755 urbem!

122 1796 166 1832 Ρ.
197 1797 404 1832 decumbens
438 1794 557 1829 Godr.
591 1798 628 1829 et
660 1794 777 1830 Gren.

234 1864 469 1920 Benavente,
503 1872 673 1907 Parador
705 1873 752 1907 de
786 1871 1005 1908 Villanuble
1038 1883 1094 1918 pr,
1126 1872 1371 1918 Valladolid3
1413 1873 1551 1908 Puerto
1585 1873 1632 1907 de

291 1950 566 1999 Guadarrama,
606 1949 810 1996 AranJuez!

119 2027 233 2064 Obs.
292 2027 398 2062 Inter
428 2027 569 2062 formas
600 2027 824 2063 innumeras
859 2027 973 2073 hujus
1006 2027 1161 2072 generis
1195 2029 1357 2063 maxime
1391 2027 1635 2074 polymorplii

178 2105 323 2140 nullum
343 2104 550 2140 discrimen
570 2109 756 2140 constans
789 2105 930 2153 inveni,
965 2105 1054 2140 etin
1089 2105 1195 2141 nullo
1229 2106 1307 2140 fere
1340 2116 1482 2151 genere
1516 2115 1636 2150 syno-

176 2182 300 2227 nymia
334 2186 408 2217 tam
448 2192 538 2226 vaga
580 2186 617 2217 et
651 2182 825 2217 intricata
866 2187 939 2232 est,
988 2193 1108 2228 quare
1148 2184 1309 2219 ulterior
1347 2183 1563 2218 observatio
1596 2182 1633 2218 in

177 2259 320 2305 plantis
338 2259 431 2294 vivis
450 2270 684 2305 magnopere
703 2264 811 2295 esset
842 2259 1115 2297 desideranda.
1178 2261 1316 2305 Quoad
1342 2261 1633 2298 determinatio-

177 2347 263 2372 nem
295 2337 380 2373 cell.
415 2336 535 2372 Godr.
568 2342 605 2372 et
623 2337 739 2373 Gren.
773 2340 932 2372 secutus
965 2348 1066 2386 sum,
1101 2339 1171 2373 sed
1204 2349 1250 2373 an
1270 2338 1397 2374 omnia
1422 2339 1632 2384 specimina

115 2439 118 2441 Δ
177 2425 196 2449 a
229 2426 288 2450 me
321 2415 414 2450 lecta
447 2419 548 2450 recte
582 2415 737 2450 definita
770 2419 876 2463 sunt,
909 2425 985 2450 non
1018 2420 1147 2452 certus
1179 2427 1279 2452 sum.

119 2492 377 2539 Urospermum
408 2494 662 2540 Dalechampii
693 2493 773 2538 (L.)
806 2493 912 2528 Desf.

234 2569 413 2605 Chiclana
446 2572 483 2607 fl.
516 2571 659 2616 gadit.l

121 2647 165 2683 U.
194 2650 377 2694 picroides
408 2649 448 2697 β,
479 2661 646 2696 asperum
678 2647 804 2693 Duby.

232 2725 343 2773 Jaen,
378 2726 503 2760 Sierra
535 2726 661 2761 Elvira
695 2726 731 2761 ss.
764 2726 934 2770 granam

1288 2878 1330 2911 10
