1929 3277
929 140 955 181 3

701 275 754 317 A.
811 273 1196 327 Acotyledoneae.

843 375 872 414 l.
931 375 1040 427 Algae.

624 458 801 502 (determ.
836 458 906 492 cel.
939 457 973 492 J.
1009 457 1052 493 G.
1086 453 1272 504 Agardh).

720 551 755 586 1.
821 550 1158 596 Conservaceoe.

204 629 386 676 Conserva
419 631 625 665 cricetorum
657 629 748 674 Lgb.

311 707 352 742 In
388 707 539 743 ericctis
574 707 739 742 humidis
771 706 869 742 inter
900 706 1056 743 Porrifio
1091 708 1126 740 et
1156 705 1234 752 Tuy
1269 703 1466 741 Galleciae!

783 808 821 846 2.
886 809 1101 846 Ulvaceae.

204 888 296 926 Ulva
325 890 448 934 riyicla
479 889 547 933 Ag.

315 967 357 1002 ln
391 966 544 1002 Oceano
577 967 754 1002 atlantico
787 966 898 1002 variis
932 966 1026 1001 locis
1049 966 1094 1000 ad
1115 965 1239 1000 ljttora
1260 963 1484 1011 Cantabriae,
1520 962 1694 999 Galleciae

368 1049 404 1081 et
448 1045 640 1095 Boeticae,
688 1057 755 1082 nec
803 1057 876 1081 non
925 1044 960 1080 in
994 1044 1276 1081 Mediterraneo
1324 1043 1418 1079 circa
1464 1042 1611 1087 Malaga
1660 1046 1696 1076 et

367 1125 554 1160 Almeria!

202 1203 496 1251 Enteromorpha
527 1205 717 1241 ramulosa
748 1203 874 1239 Hook.

309 1283 349 1317 In
385 1281 535 1318 Oceano
569 1282 744 1318 atlantico
778 1294 835 1328 pr.
869 1281 1051 1328 oppidum
1072 1281 1199 1316 Ferro!
1234 1279 1428 1316 Galleciae!

197 1362 242 1398 E.
276 1374 478 1410 compressa
509 1359 586 1410 (L.)
620 1361 729 1398 Grev.

310 1441 351 1475 In
386 1440 540 1476 Oceano
573 1441 751 1476 atlantico
784 1452 841 1488 pr.
876 1441 907 1475 la
943 1439 1112 1475 Corufia!

201 1520 350 1557 Codium
383 1525 615 1556 lomentosum
647 1520 812 1567 (Huds.)
844 1520 913 1564 Ag.

311 1599 352 1634 In
388 1598 542 1635 Oceano
575 1599 753 1635 atlantico
787 1599 883 1634 circa
920 1598 1049 1633 Gades
1083 1601 1118 1632 et
1150 1598 1182 1632 la
1218 1596 1387 1632 Coruna!

256 1703 284 1728 ᾖ,
344 1693 382 1726 y,
416 1681 659 1715 divaricatum
692 1680 773 1714 Ktz.
809 1678 997 1726 Gadi}›us‚
1031 1688 1113 1713 cum
1147 1675 1282 1723 priori!

202 1760 378 1805 Bryopsis
408 1770 575 1794 muscosa
608 1759 732 1796 Lmrx.

310 1837 354 1872 In
386 1836 669 1872 Mediterraneo
703 1848 821 1884 prope
854 1835 1022 1882 Malaga!

203 1917 383 1963 Caulerpa
412 1917 593 1963 prolisera
624 1915 795 1963 (Forsk.)
826 1916 950 1951 Lmrx.

314 1995 355 2029 In
387 1994 668 2032 Mediterraneo
702 2006 757 2040 pr.
792 1991 978 2032 Almeria!

781 2095 819 2134 3.
883 2094 1123 2134 Florideae‘

204 2177 499 2213 Callilhamm'ou
531 2176 680 2211 Borreri
711 2175 825 2220 (Sm.)
858 2175 973 2210 Harv.
1007 2174 1066 2219 (C.
1101 2173 1344 2210 seminudum
1377 2173 1482 2218 ΑΞ.)

317 2255 357 2290 ln
387 2253 668 2291 Mediterraneo
702 2265 756 2299 pr.
790 2254 958 2299 Malaga!

205 2335 245 2370 C.
281 2333 482 2371 Arbuscula
514 2332 679 2379 (Dillw.)
710 2333 804 2378 Lgb.

316 2413 358 2448 In
393 2412 546 2448 Oceano
580 2412 760 2447 atlantico
795 2423 851 2458 pr.
887 2410 919 2446 {a
953 2410 1123 2447 Corufia!

204 2493 242 2529 C.
275 2491 511 2539 yranulalum
542 2492 686 2539 (Ducl.)
719 2492 787 2536 Ag.

315 2571 358 2605 ln
392 2569 546 2606 Oceano
581 2572 710 2606 atlant.
745 2582 802 2616 pr.
837 2568 984 2604 Ferrol!

208 2649 370 2686 Halurus
403 2652 667 2698 equisetifolius
700 2649 872 2694 (Lightf.)
906 2649 1017 2683 Kijtz.

318 2728 358 2763 In
394 2728 546 2764 Oceano
580 2730 710 2764 atlant.
745 2729 795 2775 (la
832 2727 1019 2771 eorunm!

207 2806 419 2853 Griffithsia
449 2810 627 2855 sphaerica
660 2807 849 2842 Schousb.

317 2885 358 2920 ln
394 2886 547 2922 Oceano
581 2887 710 2923 atlant.
745 2885 976 2930 (Gadibus)!
