1919 3199
860 132 939 173 347

260 272 493 304 cuneata‘et
533 268 714 317 obovata,
761 266 808 306 3-
847 271 883 302 et
922 265 1148 316 5-dentata,
1198 266 1378 302 dentibus
1419 264 1568 301 obtusis
1612 276 1645 300 v.

260 346 532 383 mucronulatis
576 346 724 394 inveni,
771 350 806 381 et
851 345 1078 381 variationes
1111 345 1167 380 vix
1209 345 1300 381 tanti
1343 343 1525 380 momenti
1557 346 1647 379 sunt

262 436 373 472 quam
415 436 496 472 quae
534 424 571 460 in
614 424 697 460 aliis
739 424 943 471 speciebus
984 424 1157 470 ejusdem
1191 423 1344 469 generis
1377 420 1429 473 (v.
1463 434 1495 458 c.
1528 421 1563 457 in
1598 420 1645 457 Ο.

260 503 426 554 Natrice,
462 503 507 539 O.
541 507 788 549 procurrente
821 508 855 538 et
886 503 958 549 pl.)
1000 503 1205 538 observare
1238 502 1339 537 licet.
1419 501 1532 536 Tales
1566 500 1645 535 sor-

261 593 342 618 mas
374 581 604 628 conspicuas
640 582 716 628 jam
758 582 793 617 in
828 592 943 628 opere
973 581 1176 617 Barrelieri
1210 580 1381 627 depictas
1415 579 1644 626 invenimus,

259 661 366 707 cujus
414 661 477 706 sig.
509 659 591 699 300
627 661 784 696 sormam
831 660 990 706 integri·
1031 664 1066 695 et
1112 659 1416 707 angustisoliam,
1465 658 1527 704 sig.
1566 656 1649 695 420

259 739 415 775 formam
455 739 647 775 latifoliam
690 742 786 776 bene
820 743 1092 789 repraesentat,
1140 739 1208 774 sed
1243 739 1418 786 ejusdem
1456 738 1518 783 fig.
1550 736 1646 787 419,

258 818 357 854 inter
380 819 407 857 2
433 819 693 865 praecedentes
718 818 959 865 intermedia,
992 818 1148 853 easdem
1177 817 1372 854 evidenter
1388 816 1645 863 conjungitssj.

261 898 396 934 Postea
430 899 499 934 cel.
535 900 574 937 L.
606 899 752 934 Dufour
785 900 829 936 O.
863 899 1110 945 crassifoliam
1142 897 1187 932 ab
1222 896 1267 932 Ο.
1298 897 1500 931 tridentata
1533 906 1648 942 sepa-

260 977 372 1026 ravit,
406 982 442 1012 et
474 988 594 1023 nuper
627 976 743 1020 (Bull.
778 988 856 1013 soc.
891 976 967 1011 bot.
1003 976 1059 1011 Fr.
1095 976 1188 1024 Vll,
1229 987 1264 1021 p.
1298 974 1397 1020 324)
1433 977 1476 1013 0.
1514 976 1647 1011 Barre-

259 1055 338 1093 lieri
356 1067 463 1092 suam
476 1056 693 1104 proposuit,
713 1066 795 1102 quae
816 1060 938 1090 tamen
960 1059 1117 1102 propter
1134 1054 1277 1099 figuras
1297 1054 1429 1089 citatas
1448 1052 1646 1091 Barr.419

258 1139 294 1170 et
325 1134 426 1184 420,
466 1135 576 1180 vulgo
609 1135 655 1169 ad
690 1135 735 1171 O.
769 1133 1019 1170 crassifoliam
1052 1134 1213 1183 relatas,
1261 1132 1317 1168 vix
1350 1133 1395 1168 ab
1429 1132 1499 1167 hac
1531 1143 1647 1178 sepa-

258 1214 374 1249 randa
407 1225 496 1249 esse
522 1213 684 1263 videtur,
719 1213 788 1249 sed
823 1224 966 1248 merum
1000 1223 1239 1260 synonymon
1273 1212 1508 1260 habendum,
1543 1211 1644 1257 quod

256 1292 514 1339 descriptione
555 1293 578 1328 l.
612 1304 643 1330 c.
684 1292 830 1338 adjecta
870 1292 1138 1341 confirmatur,
1185 1302 1259 1326 non
1308 1292 1487 1327 obstante
1541 1290 1645 1337 quod

255 1375 364 1408 autor
396 1372 442 1407 de
475 1371 627 1407 nomine
660 1382 730 1407 suo
763 1370 977 1417 antiquiore
1012 1370 1057 1406 0.
1092 1369 1313 1405 crassifoliae
1345 1370 1499 1405 omnino
1532 1372 1643 1405 tacet.

256 1450 294 1486 Si
333 1450 462 1497 opinio
502 1461 583 1486 mea
625 1451 671 1485 de
712 1450 842 1486 harum
884 1450 1087 1486 formarum
1128 1448 1326 1485 identitate
1369 1448 1524 1484 fundata
1566 1451 1640 1496 est,

254 1540 392 1565 nomen
415 1529 655 1565 Linnaeanum
671 1530 756 1575 jure
776 1529 982 1575 prioritatis
1001 1528 1231 1564 servandum
1250 1527 1334 1573 erit,
1368 1527 1440 1563 etsi
1458 1527 1638 1563 omnibus

252 1608 384 1645 formis
416 1609 516 1644 haud
551 1608 782 1644 conveniens
811 1612 847 1643 et
872 1608 916 1643 O.
937 1607 1158 1644 crassisoliae
1184 1618 1322 1642 nomen
1355 1607 1483 1642 forsan
1519 1606 1639 1652 magis

254 1686 600 1723 characteristicum
635 1691 752 1723 esset.
829 1688 1025 1735 Altamen,
1068 1686 1099 1722 si
1132 1687 1277 1736 placet,
1318 1690 1395 1721 tres
1429 1689 1641 1731 sequentes

253 1766 498 1811 gradationes
532 1766 578 1803 Ο.
612 1766 843 1814 tridentatae,
891 1765 1062 1811 quamvis
1102 1769 1203 1801 arcte
1244 1765 1379 1801 affines
1421 1768 1457 1800 et
1497 1763 1642 1800 sensim

252 1844 351 1880 inter
382 1857 424 1881 se
457 1845 712 1892 confluentes,
746 1844 928 1890 distingui
962 1849 1147 1890 possunt:

170 1923 206 1961 1.
253 1925 497 1972 anqustifolia
528 1923 592 1966 (0.
626 1923 829 1958 tridentata
865 1922 951 1957 Cav.
986 1923 1031 1958 ic.
1066 1924 1138 1959 tab.
1174 1922 1277 1972 152,
1317 1923 1423 1958 Barr.
1458 1923 1504 1958 ic.
1537 1921 1642 1967 3003

255 2003 380 2039 Witlk.
404 2001 564 2038 Strand-
599 2002 676 2038 und
710 2002 976 2048 Steppengew.
1006 2013 1041 2047 p.
1066 2000 1162 2047 115)
1196 2001 1294 2037 foliis
1328 2001 1459 2037 lineari
1486 2001 1641 2036 lanceo-

252 2081 338 2117 latis
371 2094 403 2118 v.
437 2081 783 2130 lineari-cuneatis,
816 2080 1073 2126 integerrimis
1106 2093 1139 2115 v.
1170 2080 1456 2119 2-5-dentatis.

253 2160 467 2206 Specimina
501 2160 612 2205 hujus
645 2159 773 2194 formae
805 2159 879 2194 vidi
906 2170 950 2194 ex
970 2159 1180 2205 Aragonia:
1215 2159 1240 2197 2
1273 2159 1363 2196 min.
1396 2171 1415 2194 a
1450 2159 1639 2204 Zaragoza

308 2238 440 2284 (herb.
461 2235 594 2281 Vahl)!
628 2238 818 2272 Barranco
853 2238 913 2272 del
946 2238 1104 2273 maduro
1139 2249 1195 2284 pr.
1217 2237 1425 2273 Castellote
1460 2233 1639 2282 [Par-dou

310 2317 485 2352 Serrania
513 2317 558 2351 de
586 2316 738 2351 Cuenca
770 2315 867 2351 inter
892 2315 986 2352 Mira
1020 2320 1055 2351 et
1082 2316 1225 2351 Villora
1252 2316 1401 2362 (Willk.
1435 2317 1500 2352 Nr.
1522 2313 1639 2360 530J!

307 2395 463 2431 Valenc.
497 2395 593 2430 inter
628 2394 794 2430 Aiicante
827 2398 862 2429 et
893 2394 1009 2441 Alcoy
1043 2395 1195 2443 [Boiss.
1230 2400 1266 2430 et
1297 2396 1450 2440 Reut.)!
1513 2395 1639 2430 Sierra

164 2591 192 2627 ⁴⁶)
231 2594 349 2632 FIgura
376 2593 461 2624 Barr.
489 2595 530 2625 ic.
558 2595 620 2625 299
653 2603 746 2631 vcro,
785 2604 886 2634 quam
913 2595 972 2626 cel.
1001 2595 1127 2627 Dufour
1158 2604 1237 2626 cum
1263 2595 1365 2627 dubio
1391 2595 1430 2626 ad
1458 2595 1493 2625 O.
1522 2595 1637 2626 Barre-

228 2650 301 2681 lieri
328 2659 425 2681 suam
450 2651 580 2687 retulit,
618 2653 759 2682 minime
790 2652 856 2683 huc
882 2653 1040 2691 pertinet,
1081 2652 1137 2683 sed
1164 2653 1275 2692 potius
1308 2652 1348 2682 ad
1375 2651 1411 2683 O.
1437 2651 1635 2683 fruticosam

230 2706 403 2738 reserenda
434 2710 484 2737 est
516 2710 647 2747 propter
681 2708 794 2738 foliola
827 2708 867 2738 ab
905 2710 997 2748 apice
1029 2709 1068 2740 ad
1108 2709 1205 2740 basin
1243 2712 1385 2746 serrata,
1425 2708 1636 2748 stipulasque

232 2763 396 2802 profunde
423 2767 582 2800 serratas,
622 2764 678 2795 sed
711 2773 789 2795 cum
821 2764 959 2795 floribus
992 2764 1226 2804 fructibusque
1258 2769 1362 2801 caret,
1402 2764 1637 2796 determinatio

229 2818 375 2850 difficilis
402 2823 461 2855 est,
488 2822 580 2851 tauto
606 2822 714 2859 magis
741 2829 837 2857 cuni,
871 2820 983 2852 forsan
1011 2822 1141 2852 incuria
1166 2823 1322 2861 pictoris,
1350 2820 1439 2852 soliis
1465 2820 1636 2861 plerisque

229 2874 427 2906 4-soliolatis
454 2875 582 2916 depicta
607 2878 667 2907 est.
