1919 3199
945 109 1026 149 174

398 258 456 295 pr.
497 246 601 283 llum.
649 246 877 282 Atmanzora
910 244 1010 280 inter
1044 243 1153 291 Pulpi
1190 249 1227 279 et
1256 246 1381 282 Vera!
1423 243 1614 290 Carthago
1647 255 1741 280 nova

400 325 604 373 (Gaudicb.
637 324 673 360 in
708 323 816 361 herb.
837 334 936 359 mus.
962 322 1128 368 Paris.]!
1163 322 1267 358 Cabo
1291 322 1338 358 de
1360 322 1469 370 Gata,
1502 323 1595 359 Dec.
1628 334 1661 359 c.
1682 323 1741 360 ss.!

233 403 343 441 Ohs.
406 403 623 450 Descriptio
673 401 877 438 Barrelieri
924 401 948 437 l.
989 413 1020 437 c.
1071 402 1212 448 optime
1259 402 1436 438 convenit
1481 412 1566 437 cum
1612 401 1740 448 planta

315 494 432 529 supra
467 482 683 530 descripta,
732 485 768 516 et
800 480 921 525 figura
954 480 1153 531 ejusdem,
1209 480 1382 527 quamvis
1421 479 1583 516 maxime
1617 479 1740 530 rudis,

317 573 391 597 non
426 562 566 597 obstat.
623 561 654 595 A
694 557 943 609 Th.vul9ari,
977 559 1036 594 eui
1069 559 1242 605 proxime
1273 559 1435 606 accedit,
1467 557 1594 594 differt
1625 558 1740 594 ramis

314 639 601 688 crassioribus,
659 637 880 684 junioribus
927 636 1108 687 incanis⁷
1169 637 1269 673 foliis
1328 638 1446 684 duplo
1499 636 1740 674 brevioribus

314 718 515 765 magisque
563 716 865 766 approximatis,
913 715 997 751 basi
1048 715 1211 765 cuiatis,
1268 716 1461 752 fasciculis
1515 714 1739 752 axillaribus

314 797 436 833 dense
468 795 705 843 imbricatis,
739 795 882 830 corolla
923 805 1118 841 purpurea
1151 795 1273 841 magis
1314 799 1466 831 exserta
1510 797 1581 830 etc.
1645 794 1738 830 Cum

321 873 391 912 Th.
428 874 591 925 Zyyide,
641 885 806 921 quocum
846 873 1098 920 conjunxerat
1136 873 1172 909 in
1215 874 1323 909 herb.
1366 885 1437 910 suo
1485 874 1522 909 d.
1562 873 1738 923 Pourret‚

314 954 468 990 minime
500 952 687 990 associari
720 956 862 999 potest.
924 952 1055 988 Potius
1089 963 1173 988 cum
1206 952 1454 988 varietatibus
1487 966 1513 1002 y
1538 956 1573 988 et
1591 950 1629 1002 δ,
1670 950 1737 988 Th.

313 1031 402 1070 hirei
433 1033 581 1080 (Boiss.
606 1043 687 1079 voy.
707 1043 744 1078 p.
763 1028 863 1081 488)
896 1032 1155 1078 comparanda
1189 1035 1296 1067 esset
1327 1035 1458 1067 nostra
1490 1031 1635 1080 planta,
1668 1031 1740 1067 sed

314 1113 360 1148 ab
408 1112 515 1148 hisce
562 1111 704 1158 optime
758 1111 1007 1156 distinguitur
1050 1110 1209 1146 floribus
1257 1109 1550 1159 pedunculatis,
1597 1110 1739 1146 corolla

316 1202 531 1240 purpurea,
573 1190 748 1226 foliorum
781 1189 1007 1225 indumento
1048 1189 1223 1238 diverso,
1256 1188 1356 1224 foliis
1391 1188 1589 1225 floralibus
1627 1188 1741 1236 ellip-

315 1269 416 1318 ticis,
450 1269 612 1305 caulinis
646 1268 915 1305 subsimilibus
949 1269 1035 1317 (nec
1068 1268 1187 1305 ovatis
1221 1269 1338 1304 ssores
1371 1266 1684 1314 superantibus).

236 1347 304 1386 Th.
334 1345 577 1398 Chamoedrys
609 1348 674 1384 Fr.
709 1363 767 1398 α.7
800 1347 870 1383 Th.
904 1347 1101 1392 glabratus
1134 1347 1238 1393 Hffg.
1273 1351 1309 1383 et
1341 1347 1408 1383 Lk.
1440 1346 1465 1383 l.
1499 1357 1532 1381 c.
1566 1346 1641 1384 tab.
1676 1345 1740 1384 15.

343 1428 385 1464 ln
419 1427 617 1464 montibus
653 1427 830 1464 Galleciae
862 1426 1085 1473 orientalis3
1118 1426 1348 1462 Villasranea
1381 1426 1443 1461 del
1476 1424 1633 1463 Vierzol

258 1535 278 1557 „
336 1508 378 1558 β,
410 1506 562 1544 vestitus
594 1506 680 1552 (Th.
715 1505 970 1551 lanuginosus
1005 1505 1142 1551 Schk.)

344 1586 387 1622 In
421 1585 614 1633 Pyrenaeis
655 1585 701 1620 ad
742 1582 943 1630 Bagneres
978 1584 1025 1620 de
1058 1583 1239 1630 Luchon3
1278 1582 1449 1618 Valence
1483 1581 1582 1619 Gall.
1619 1586 1742 1618 austr-

399 1664 436 1701 in
471 1664 617 1712 eampis
650 1663 850 1701 arenosis!

240 1743 307 1781 Th.
328 1742 542 1793 Serpyllum
575 1744 651 1790 (L.)
684 1743 767 1793 Fr„
800 1740 1081 1778 'Th-variabilis
1115 1739 1219 1787 Hffg.
1253 1744 1290 1776 et
1321 1740 1388 1776 Lk.
1422 1739 1555 1787 (Hisp.
1588 1739 1743 1787 Serpol,

346 1822 578 1866 Samarilla),

346 1901 425 1948 Τυ)1
460 1905 494 1937 et
536 1899 688 1936 Orense
730 1899 909 1936 Galleeiae
948 1899 1162 1946 (Pourr.!).
1215 1897 1373 1934 Castell.
1407 1901 1479 1934 vet.
1512 1896 1558 1932 ad
1591 1896 1745 1943 Burgus

406 1984 442 2017 et
472 1978 708 2025 Encinillas3
757 1978 938 2017 Cantabr.
978 1978 1016 2014 in
1063 1975 1240 2013 arenosis
1278 1976 1326 2012 ad
1369 1976 1586 2012 Santander
1625 1980 1662 2012 et
1702 1976 1742 2011 S.

405 2058 628 2095 Sebasfian!
672 2066 682 2076 '

242 2138 310 2178 Th.
330 2138 543 2176 bracteatus
576 2138 665 2184 Lge.
700 2137 835 2173 sched.
856 2136 892 2172 in
912 2137 964 2183 pl.
985 2135 1122 2172 exsicc.
1157 2133 1349 2183 (Cutand.
1375 2133 1413 2170 ss.
1431 2133 1544 2170 Matr.
1569 2144 1606 2180 p.
1625 2131 1743 2178 538).

349 2220 390 2255 ln
434 2217 577 2264 pinetis
620 2215 789 2262 regionis
830 2219 1020 2252 montanae
1059 2213 1245 2250 montium
1287 2212 1591 2259 Carpetanorum
1623 2222 1745 2259 prope

409 2297 441 2333 el
475 2296 615 2332 Puerto
649 2295 695 2331 de
730 2294 1008 2343 Guadarrama7
1040 2292 1095 2331 24
1124 2293 1214 2329 Jun.
1247 2303 1279 2329 e.
1314 2291 1370 2328 ss.!

240 2375 306 2412 Ob
320 2387 352 2412 s.
415 2374 551 2419 Quoad
585 2374 740 2410 modum
773 2371 1050 2422 vegetationis,
1082 2371 1168 2407 folia
1201 2374 1274 2407 etc.
1307 2370 1377 2407 Th.
1406 2369 1581 2416 serpyllo
1614 2373 1745 2405 exacte

324 2453 484 2503 similis,
526 2464 643 2500 quare
677 2464 752 2489 non
786 2451 859 2488 nisi
900 2451 1082 2487 haesitans
1125 2449 1337 2496 specimina
1376 2460 1395 2484 a
1428 2459 1486 2484 me
1519 2449 1615 2484 lecta
1648 2458 1745 2484 novo

325 2532 478 2568 nomine
513 2532 714 2577 designata
755 2530 843 2567 olim
878 2529 1077 2575 distribui3
1120 2531 1285 2564 attamen
1328 2526 1487 2563 ulterior
1527 2526 1744 2562 observatio

328 2611 489 2658 partium
529 2610 717 2646 ssoralium
757 2609 804 2644 ad
845 2619 984 2644 nomen
1027 2605 1280 2654 provisorium
1313 2605 1621 2642 conservandum
1655 2604 1745 2641 mihi

327 2689 465 2726 suasit.
508 2687 642 2724 Differt
682 2687 782 2724 enim
814 2686 1004 2734 praecipue
1037 2698 1057 2722 a
1087 2685 1201 2721 variis
1235 2683 1367 2720 formis
1400 2684 1469 2719 Th.
1505 2683 1675 2737 Serpylli
1705 2684 1744 2720 L,

327 2769 429 2812 (Fr.)
462 2766 626 2804 bracteis
659 2765 1009 2816 rhombeo-ovatis,
1041 2762 1286 2800 inferioribus
1319 2763 1435 2799 flores
1454 2761 1746 2812 superantibus,
